3570 4936
305 357 369 426 832
705 357 852 449 Caecilii
869 359 1030 430 Cypriani
1110 389 1113 395 ·

305 514 432 581 nolite
458 513 637 598 cogitsre
658 517 848 598 quomodo
869 520 936 583 aut
958 517 1050 600 quid
1072 487 1297 598 loq'namini.
1325 516 1436 583 debi-

304 620 369 684 tnr
400 617 501 706 enim
534 618 646 685 uobis
675 618 714 685 in
742 620 818 688 illa
848 623 942 689 hora
974 620 1067 703 quid
1101 619 1326 701 loquamini.
1359 640 1432 688 non

304 722 405 788 enim
434 738 502 787 uos
531 723 628 788 estis
655 723 721 806 qui
747 722 979 809 loquimini,
1012 722 1079 787 sed
1107 721 1278 805 spiritus
1304 723 1432 808 patris

304 825 430 891 uestri
463 825 529 908 qui
562 825 743 908 loquitur
775 827 815 894 in
847 827 969 892 uobis.
1007 825 1201 891 etiterum:
1233 827 1366 909 ponite
1391 826 1431 893 in

304 928 488 995 cordibus
524 930 672 997 nestris
706 949 780 998 non
815 928 1098 1015 praemeditari
1134 945 1324 995 excusare
1361 948 1453 1016 egos

304 1033 404 1099 enim
428 1031 523 1097 dabo
544 1033 656 1102 uobis
676 1054 715 1101 os
736 1035 774 1100 st
793 1032 1045 1117 sapientiam,
1067 1030 1131 1097 cui
1153 1049 1225 1097 non
1245 1032 1432 1114 poterunt

304 1135 496 1202 resistere
516 1136 738 1204 aduersarii
759 1137 898 1203 uestri.
921 1135 955 1201 in
969 1152 1029 1217 quo
1049 1133 1178 1218 quidem
1192 1135 1224 1199 st
1238 1134 1431 1202 credentium

306 1257 421 1323 magna
440 1238 555 1307 fidncia
574 1244 623 1309 est
636 1243 668 1307 et
682 1241 775 1323 culpe
789 1239 977 1324 grauissima
989 1238 1178 1321 perfidorum
1192 1254 1252 1303 non
1267 1239 1388 1305 credere
1402 1240 1431 1305 si

304 1340 358 1424 qui
380 1359 414 1406 ss
427 1360 517 1424 opem
539 1363 628 1411 suam
650 1344 797 1409 daturum
820 1340 1038 1408 confitentibus
1059 1341 1226 1426 pollicetur
1248 1360 1304 1408 nec
1324 1359 1432 1408 mrsus

305 1444 436 1511 eundem
451 1447 562 1514 timere
577 1447 632 1530 qui
646 1448 806 1513 aeternam
820 1464 951 1528 poenam
964 1444 1152 1530 negantibus
1166 1444 1370 1510 conminstnr.
1439 1471 1469 1513 ιο

275 1555 295 1618 t
348 1545 434 1628 Quae
453 1567 510 1615 uos
530 1550 643 1629 omnia,
666 1549 832 1616 fortissimi
852 1567 888 1615 ac
902 1547 1078 1614 fidelissimi
1098 1548 1218 1613 milites
1233 1546 1359 1627 Christi,
1382 1546 1433 1612 in·

304 1651 453 1718 sinnastis
478 1653 629 1719 fratribus
653 1652 779 1732 nostris,
806 1652 984 1736 complentes
1009 1650 1113 1717 motis.
1128 1650 1209 1734 qnod
1234 1649 1337 1715 uerbis
1360 1651 1432 1716 ante

304 1754 464 1832 docuistis,
485 1755 584 1820 futuri
598 1756 729 1821 maximi
743 1756 777 1820 in
792 1773 887 1841 regno
902 1755 1057 1821 caelorum
1071 1754 1236 1838 pollicente
1249 1754 1384 1819 Domino
1399 1755 1432 1819 et

304 1858 442 1923 dicente:
473 1856 537 1938 qui
560 1856 705 1922 fecerit
727 1858 765 1922 st
785 1859 843 1923 sic
864 1857 1045 1923 docuerit
1066 1859 1257 1923 maximus
1279 1855 1432 1928 uocabi-

304 1963 368 2025 tur
390 1958 428 2024 in
450 1976 566 2042 regno
588 1959 795 2024 caelorum.
819 1958 951 2041 denique
971 1961 1147 2042 exemplum
1167 1961 1307 2042 uestrum
1326 1960 1468 2025 secutas

304 2061 471 2143 multiplex
490 2060 591 2143 plebis
611 2060 712 2143 portio
734 2060 873 2126 confessa
892 2062 942 2125 est
961 2061 1123 2126 uobiscum
1137 2062 1254 2143 pan'ter
1268 2063 1301 2126 st
1314 2061 1433 2144 pariter

251 2207 254 2213 ·
305 2166 449 2230 coronsts
469 2166 527 2242 est,
549 2182 661 2230 conexa
680 2163 769 2230 uobis
791 2164 915 2229 uinculo
939 2162 1128 2229 fortissimae
1143 2164 1281 2229 caritatis
1296 2164 1328 2228 et
1341 2180 1432 2245 prse-

303 2267 415 2349 positis
436 2267 502 2332 suis
523 2286 578 2332 nec
597 2283 716 2332 carcere
730 2284 788 2332 nec
803 2266 941 2332 metallis
956 2268 1107 2349 separata.
1129 2266 1218 2332 cuius
1233 2283 1360 2332 numero
1375 2284 1432 2331 nec

305 2369 444 2453 uirgines
458 2368 580 2449 desunt,
595 2370 709 2453 quibus
719 2370 759 2435 ad
772 2369 1005 2454 sexagenarium
1020 2368 1159 2435 fructum
1174 2368 1319 2434 centenus
1329 2386 1432 2434 acces-

305 2473 348 2537 sit
369 2490 508 2555 quasque
527 2473 567 2538 ad
587 2473 753 2539 caelestem
778 2490 922 2538 coronam
947 2471 1047 2555 gloria
1070 2473 1195 2557 gemina
1219 2471 1369 2554 prouexit.
1395 2471 1468 2537 inso

306 2576 411 2656 pueris
431 2592 553 2658 quoque
572 2576 675 2641 uirtus
694 2574 794 2640 maior
815 2576 918 2640 aetate
932 2591 1027 2639 annos
1041 2591 1112 2639 suos
1127 2573 1325 2640 confessionis
1339 2574 1431 2639 lande

307 2676 512 2755 transcendit,
535 2681 571 2743 ut
585 2678 730 2762 martyrii
746 2678 846 2743 uestri
859 2677 989 2743 beatum
1003 2695 1132 2760 gregem
1147 2676 1179 2741 st
1194 2694 1284 2742 sexus
1298 2677 1330 2743 et
1345 2677 1435 2743 aetas

304 2779 406 2844 omnis
421 2783 552 2846 ornaret.

276 2892 293 2955 7
346 2879 409 2962 Qui
437 2900 519 2948 nunc
546 2882 646 2962 uobis,
676 2881 874 2949 dilectissimi
903 2882 1025 2960 frames,
1060 2881 1263 2947 eonscientiae
1292 2881 1431 2947 uictricis

304 2986 404 3070 uigor,
434 3003 512 3067 quas
541 2985 719 3052 sublimitas
747 2985 857 3065 animi,
886 3002 963 3067 quse
988 2984 1021 3048 in
1046 3002 1138 3050 sensu
1167 2984 1346 3063 exultantis,
1376 2985 1467 3068 quise

406 3209 424 3263 4
440 3207 504 3262 Luc.
522 3206 564 3272 21,
584 3207 624 3261 14.
644 3207 685 3262 15.
756 3207 790 3261 14
807 3206 906 3262 Matth.
923 3207 948 3271 5,
967 3205 1008 3261 19.

356 3417 372 3469 1
384 3413 515 3484 quomodo
527 3415 554 3470 Ι,
565 3431 586 3470 a.
598 3415 618 3469 1.
712 3413 859 3484 'quomodo
870 3415 920 3468 sut
930 3427 980 3467 osc
994 3412 1052 3468 RV
1158 3412 1268 3468 dabitur
1280 3453 1288 3468 .
1299 3454 1323 3469 ..
1336 3413 1429 3483 loqua·

304 3500 372 3554 mini
384 3516 434 3555 om.
448 3499 475 3555 R
552 3501 627 3569 liqui
641 3515 700 3569 cap.
714 3499 751 3565 N,
764 3498 830 3568 quid
847 3499 880 3556 0¹
962 3497 1110 3567 loquamini
1123 3498 1249 3564 LP¹R¹,
1261 3500 1354 3555 lomini
1365 3500 1398 3555 N

303 3587 321 3642 5
333 3586 452 3641 excusari
464 3585 488 3641 0
563 3585 580 3641 6
592 3602 621 3641 os
633 3587 665 3640 iso
675 3601 730 3640 ros.
743 3584 777 3648 R,
791 3589 819 3639 et
831 3601 861 3640 os
873 3585 906 3650 P,
919 3601 968 3639 om.
982 3584 1009 3639 11
1083 3584 1120 3655 et]
1135 3585 1181 3640 sed
1193 3586 1220 3639 L
1293 3586 1429 3657 poterunt]

303 3677 416 3742 possunt
430 3672 460 3736 0,
472 3671 578 3740 possint
589 3672 617 3728 Β
702 3672 720 3727 8
732 3687 847 3741 magnes
858 3697 885 3726 u
897 3671 964 3727 Bet
976 3686 1045 3726 eros.
1127 3670 1239 3726 ddncise
1251 3671 1278 3727 R
1357 3671 1431 3727 cicc

304 3761 333 3811 et
348 3757 371 3813 0
485 3758 503 3812 9
515 3757 709 3813 confidentibus
725 3757 748 3813 0
864 3758 898 3812 10
908 3756 967 3827 qui]
980 3757 1156 3827 qnia'ClPR
1271 3758 1305 3814 12
1316 3756 1430 3827 implen-

302 3846 345 3897 tes
356 3843 408 3898 Mo
507 3843 540 3898 16
552 3847 595 3898 cst
606 3859 657 3899 om.
669 3844 703 3899 N
796 3846 825 3898 et
836 3844 939 3915 pariter
951 3859 1000 3897 om.
1014 3843 1100 3898 LNP
1197 3842 1229 3896 17
1242 3845 1366 3897 coronata
1376 3843 1428 3914 est]

304 3929 456 3984 confortata
471 3929 495 3985 0
572 3929 723 3986 fortissima
733 3933 762 3986 et
773 3931 802 3987 R
879 3930 1015 3984 claritatis
1031 3929 1054 3986 0
1059 3936 1065 3966 ¹
1148 3929 1186 4000 et]
1199 3933 1227 3984 et
1238 3945 1255 3983 a
1266 3928 1395 3984 GMPRo

303 4015 464 4084 praepositi·
477 4014 520 4069 sui
532 4016 560 4072 R
571 4033 584 4069 s
597 4031 667 4071 cros.
794 4017 828 4072 18
840 4017 946 4086 separat
956 4014 991 4070 N
1111 4016 1145 4070 19
1157 4015 1355 4084 sexagenariom
1366 4012 1395 4069 R

303 4100 409 4154 fructus
421 4099 525 4169 οΜΝ;
538 4104 575 4171 cs.
582 4119 613 4172 p.
625 4104 725 4171 202,15
804 4101 894 4172 sord]
908 4100 1031 4155 sutLM
1109 4100 1212 4172 gloriae
1222 4097 1398 4169 geminstsO

303 4186 338 4240 23
351 4190 500 4242 eorummet
510 4188 539 4244 R
674 4188 709 4244 24
720 4187 777 4258 qui]
790 4187 860 4258 quod
869 4187 896 4242 L
1027 4172 1210 4256 dilectissimi]
1221 4185 1303 4240 dauid
1313 4200 1384 4241 corr.
1395 4184 1429 4240 iss

305 4270 383 4326 dabit
400 4272 423 4328 0
