3570 4936
327 335 392 402 572
606 288 608 292 ⁷
727 333 875 391 Caecilii
892 307 1052 407 Cypriani

324 509 456 573 quarum
472 489 648 575 exemplum
662 493 702 560 ad
717 510 773 559 uos
787 493 959 574 transmisi,
979 495 1110 582 legetis:
1130 494 1227 562 simul
1241 498 1317 581 quid
1331 496 1376 562 eis
1390 514 1450 582 ego

323 592 462 658 breuiter
474 591 602 660 interim
615 597 835 681 rescripserim,
851 596 906 664 sed
920 599 953 662 et
967 599 1074 682 quales
1088 601 1196 683 postea
1209 601 1250 666 ad
1261 600 1379 681 clerum
1393 600 1451 666 lit

322 696 407 760 teras
421 694 546 763 fecerim
560 700 597 764 ut
611 700 690 766 scire
702 701 845 783 possetis,
865 700 960 767 huius
974 718 1095 785 quoque
1110 704 1155 768 rei
1171 705 1346 787 exemplum
1362 703 1451 769 uobis

321 797 406 864 misi
427 798 508 881 quod
522 801 550 866 si
564 801 649 868 ultra
667 803 829 870 temeritas
850 821 957 869 eorum
971 813 1029 869 nec
1042 805 1121 870 meis
1135 824 1192 871 nec
1206 808 1319 874 uestris
1332 806 1451 872 litteris

317 919 484 984 conpressa
502 903 599 971 fuerit
612 924 669 971 nec
682 905 822 972 comiliis
837 906 1015 996 salubribus
1029 908 1308 993 optemperauerit,¹
1322 929 1471 996 agemusc

321 1023 358 1069 sa
378 1024 457 1089 queo
478 1008 648 1074 secundum
671 1008 872 1093 euangelium
896 1007 1050 1075 Dominus
1071 1029 1164 1097 agere
1186 1015 1350 1097 praecepit.
1377 1015 1450 1099 opto

222 1134 224 1138 ·
321 1125 386 1189 uos,
402 1109 514 1178 iratres
529 1111 692 1197 carissimi,
708 1129 829 1196 semper
844 1113 922 1178 bene
936 1113 1050 1178 ualere.
1067 1115 1178 1180 ualete.

551 1401 939 1516 EPISTVLA
972 1403 1229 1519 XXXVI.

321 1602 508 1661 CYPRIANO
533 1606 667 1662 PAPATI
694 1606 1006 1750 PREssXsTffmmlTllsma
1014 1604 1191 1667 Discursus
1220 1609 1341 1666 ROMAE
1367 1609 1451 1668 OON·
1506 1599 1510 1606 “

340 1704 342 1708 ·
818 1754 823 1763 ,
1459 1714 1486 1754 xo

295 1905 309 1967 l
366 1898 445 1966 Cum
459 1900 708 1986 perlegissemus,
730 1901 840 1980 irater,
861 1901 984 1968 litteras
998 1903 1161 1985 tuaequae
1176 1920 1230 1985 per
1243 1901 1451 1967 Fortunatum

321 2003 571 2087 hypodiaconum
591 2004 731 2084 miserae,
752 2006 876 2090 gemino
891 2022 1000 2070 sumus
1015 2003 1119 2071 dolore
1133 2004 1270 2089 percussi
1285 2007 1318 2070 et
1331 2004 1451 2088 duplici

219 2163 224 2172 .
322 2123 461 2172 maerore
482 2106 611 2191 confusi,
632 2108 714 2190 qnod
733 2125 832 2190 neque
853 2107 913 2173 tibi
933 2107 1054 2190 requies
1068 2108 1136 2173 ulla
1149 2108 1182 2172 in
1196 2107 1293 2172 tantis
1307 2125 1451 2189 persecu-

320 2209 415 2274 tionis
435 2210 670 2275 necossitatibus
685 2210 860 2275 traderetur
882 2210 915 2276 et
928 2208 1088 2292 lapsorum
1107 2209 1243 2276 fratrum
1257 2210 1449 2275 inmoderate

320 2310 495 2394 petulantia
509 2330 606 2395 usque
620 2311 659 2377 ad
674 2311 879 2395 periculosam
894 2312 1060 2377 uerborum
1074 2313 1283 2378 temeritatem
1297 2312 1482 2394 productae

266 2472 270 2485 .
322 2413 528 2491 denotaretur.
544 2415 598 2480 sed
613 2432 802 2497 quamquam
812 2432 868 2480 nos
880 2415 974 2497 atque
990 2414 1131 2480 animum
1140 2415 1286 2480 nostrum
1296 2414 1358 2479 ista
1369 2433 1449 2498 quae

321 2515 459 2581 diximus
474 2516 614 2601 grauitm
627 2515 821 2602 adfligerent,
842 2517 949 2582 tamen
963 2517 1110 2583 maeroris
1125 2516 1224 2582 nostri
1238 2518 1304 2582 tam
1319 2534 1449 2601 grauem

320 2619 476 2706 sarq'rram
498 2620 588 2705 uigor
609 2621 684 2686 tuus
699 2621 731 2686 et
745 2619 916 2686 secundum
938 2620 1152 2705 euangelicam
1174 2620 1371 2705 disciplinam
1393 2620 1449 2686 ad·

248 2886 252 2893 ·
372 2867 545 2938 lquorump
643 2867 738 2922 aducs
755 2870 854 2936 om.p¹
950 2866 1196 2932 transmisimuara
1212 2866 1415 2936 trammissisp

320 2952 455 3024 simulque
468 2969 507 3022 pc
602 2967 651 3024 ago
663 2952 732 3009 eisc
827 2951 1149 3024 ibreuitsr11ibenterp
1235 2952 1346 3007 iuterim
1357 2951 1449 3022 resen]

318 3038 500 3094 intellexerim
512 3039 700 3110 scripserimso
777 3038 895 3108 qualeso
939 3091 943 3098 ,
973 3038 1079 3093 4misis
1094 3040 1187 3104 iloni.
1200 3040 1233 3108 μ’
1301 3035 1448 3107 quodsip,

317 3124 344 3178 si
355 3141 412 3193 pec,
424 3140 474 3180 orn.
490 3126 516 3178 T
592 3127 621 3180 te
630 3125 730 3180 merita
742 3144 773 3195 φ,
785 3124 917 3181 demerita
928 3140 954 3179 ra
1033 3124 1155 3195 bpressa
1166 3123 1251 3179 fuerit
1262 3143 1292 3193 μ,
1303 3122 1449 3193 compressi

319 3210 423 3266 luerint
435 3227 460 3266 so
556 3211 721 3267 salutaribm
733 3229 782 3281 pec
881 3210 1126 3282 obtemperauerint
1136 3228 1168 3274 ro,
1181 3209 1413 3280 obtemmraretp

320 3295 439 3352 ronse
456 3312 505 3352 oe
518 3313 572 3368 op.
585 3328 619 3339 -
630 3297 754 3367 npsea
765 3296 886 3368 erptiam
904 3296 939 3352 co
955 3279 1291 3368 perseuerans
1303 3294 1450 3349 moseu-

320 3383 363 3441 re
374 3382 486 3453 explicit
500 3385 531 3449 T,
543 3398 594 3439 ora
609 3399 684 3454 paup.
698 3413 733 3424 -

371 3470 459 3540 Epist
469 3468 591 3524 xxxvl.
602 3497 636 3511 -
645 3469 747 3540 Incipit
758 3467 897 3538 rescriptis
909 3467 1064 3538 presbiteris
1076 3469 1105 3522 et
1113 3466 1269 3524 diaconibus
1278 3466 1376 3522 Romae
1387 3481 1450 3521 con·

237 3585 243 3593 ·
320 3556 483 3612 sistentibus
497 3558 527 3624 T,
543 3555 713 3626 Rescriptum
724 3571 771 3626 per
781 3554 951 3626 presbyteros
962 3555 991 3608 et
1001 3553 1125 3610 diaconos
1137 3553 1171 3608 ad
1182 3553 1338 3623 bipriauum
1349 3550 1450 3607 Romu

322 3645 499 3699 consistentes
509 3663 540 3711 φ,
551 3641 624 3699 (llari
633 3642 747 3699 Romani
755 3641 790 3697 ad
800 3641 955 3712 ciprianum
964 3640 1097 3696 adolentis
1104 3656 1152 3712 pro
1161 3639 1316 3695 temeritate
1324 3653 1450 3709 quorum·

320 3729 384 3784 dein
404 3730 540 3800 lapsorum
558 3731 587 3784 et
604 3727 764 3784 confidentes
776 3727 806 3783 in
817 3742 848 3783 ee
859 3729 889 3782 et
899 3725 1071 3782 exhortantes
1090 3742 1139 3798 pro
1159 3741 1250 3782 eorum
1270 3724 1358 3780 salute
1369 3741 1402 3780 so.
1416 3754 1450 3764 -

321 3814 496 3887 ilcypricuo]
508 3814 622 3871 celerino
638 3817 678 3870 To
764 3829 848 3884 papae
861 3829 904 3868 soc
989 3811 1198 3890 comiatentn'bus
1212 3812 1238 3864 Τ
1322 3811 1354 3866 11
1366 3810 1451 3865 irater

322 3884 460 3968 rfflewe
544 3917 612 3972 quos
626 3903 652 3952 T
744 3899 778 3954 12
788 3899 934 3970 perculsis
1028 3897 1063 3954 13
1073 3897 1302 3969 persecutionibus
1314 3895 1451 3972 eessitsti·

322 3987 374 4042 bus
386 4004 420 4052 so,
430 3987 623 4058 persecutionis
634 3986 751 4043 unitatis
762 3982 970 4054 necessitatibus
983 4005 1005 4056 φ
1080 3986 1115 4040 14
1126 3983 1302 4040 immodulata
1316 3986 1347 4047 T,
1357 3983 1452 4038 imme·

323 4073 419 4129 dulata
430 4090 455 4129 eo
524 4075 558 4130 15
568 4074 708 4141 uerborum
719 4072 930 4148 periculosamp
999 4070 1129 4142 producta
1140 4087 1190 4126 om.
1202 4085 1227 4125 ro
1296 4070 1330 4126 16
1341 4069 1452 4125 deuota·

324 4165 418 4216 rentur
429 4177 454 4215 so
534 4162 673 4231 tamquam
689 4163 715 4217 Τ
792 4161 875 4229 atque
886 4173 972 4227 orrcp
1053 4156 1087 4212 17
1098 4172 1247 4228 granameo
1310 4150 1361 4210 '18
1372 4170 1454 4211 euan-

324 4248 427 4322 gelium
439 4247 623 4316 euangelicam
635 4267 656 4314 φ
727 4245 849 4301 adibitas
864 4246 889 4298 Τ
1398 4270 1403 4287 ·
