3570 4936
354 347 417 412 742
748 339 893 397 Caecilii
916 339 1081 411 Cypriani

351 498 459 564 diuina
480 495 691 562 recedentibus
706 491 831 561 stetisse
845 497 878 561 et
893 496 1025 562 certasse
1039 494 1225 574 sublimiter,
1241 497 1403 565 Danielem
1418 515 1478 562 nec

350 599 518 667 solitudine
554 597 690 682 regionis
725 598 846 663 ahenas
882 617 939 664 nec
972 597 1193 682 persecutionis
1233 600 1378 667 adsiduae
1422 600 1475 664 in-

349 701 511 767 festatione
547 700 730 764 deterritum
761 698 938 782 frequenter
969 720 1005 767 ac
1035 699 1158 767 fortiter
1183 702 1316 785 gloriosa
1340 703 1475 770 edidisse

221 864 224 868 ,
349 803 519 887 martyria,
561 805 624 869 tres
666 802 744 867 item
780 820 890 884 pueros
925 823 982 870 nec
1017 803 1105 869 annis
1140 821 1196 868 nec
1230 807 1324 875 minis
1359 807 1474 874 fractos

350 906 456 971 coutm
479 905 566 990 ignes
590 904 778 991 Babylonios
802 904 937 971 fideliter
961 906 1119 973 obstitisse
1139 907 1171 970 et
1192 908 1341 977 uictorem
1369 930 1500 996 rogeme

349 1010 383 1073 in
417 1008 486 1092 ipsa
521 1027 578 1076 sua
613 1009 794 1092 rondininio
821 1007 943 1074 uicisse.
973 1008 1088 1074 uiderit
1117 1009 1179 1073 uel.
1193 1014 1475 1091 praeuaricatornm

349 1131 495 1178 numerus
509 1112 559 1178 uel
580 1113 772 1196 proditorum
795 1110 848 1193 qui
869 1130 951 1176 nunc
976 1112 1010 1177 in
1034 1112 1163 1178 ecclesia
1186 1115 1292 1181 conta
1312 1117 1475 1184 ecclesiam

350 1234 475 1301 surgere
502 1218 534 1282 et
562 1217 656 1283 iidem
684 1218 802 1301 pariter
830 1233 867 1280 ac
895 1215 1060 1281 ueritatm
1088 1215 1272 1283 labefactare
1300 1225 1475 1304 coeperunt

351 1320 512 1401 permanet
541 1320 623 1403 apud
653 1320 806 1403 plurimos
838 1318 957 1384 sincera
988 1336 1075 1384 mens
1107 1319 1139 1384 et
1167 1319 1277 1405 religio
1297 1322 1418 1406 integra
1443 1327 1476 1390 et

350 1440 413 1488 non
427 1424 488 1489 nisi
501 1424 634 1490 Domino
650 1425 681 1489 et
694 1424 760 1490 Deo
775 1440 831 1488 suo
846 1423 951 1488 anima
960 1422 1082 1500 denota,
1098 1441 1154 1487 nee
1167 1422 1368 1489 christianam
1378 1424 1474 1491 fidem
1483 1449 1515 1490 ra

351 1526 453 1593 aliena
466 1527 594 1612 pertidia
608 1528 758 1612 deprimit
772 1527 812 1592 ad
827 1526 962 1604 ruinam,
984 1526 1039 1591 sed
1053 1525 1155 1610 magis
1172 1527 1287 1592 excitat
1306 1529 1338 1591 et
1358 1527 1476 1592 exultat

349 1630 388 1696 ad
403 1630 546 1715 gloriam,
567 1631 736 1697 secundum
758 1630 839 1713 quod
860 1631 972 1696 beatus
991 1629 1148 1712 apostolus
1168 1631 1312 1695 hortatur
1332 1631 1364 1695 et
1379 1630 1474 1696 dicit:

348 1733 442 1816 quid
479 1734 579 1799 enim
615 1735 649 1799 si
692 1733 924 1799 exciderunt
960 1753 980 1799 a
1014 1733 1095 1798 lide
1130 1734 1285 1816 quidam
1329 1750 1475 1814 eorum,

348 1833 535 1916 numquid
562 1835 791 1901 infidelitas
821 1836 983 1901 illorum
1004 1835 1125 1917 iidem
1146 1836 1217 1903 Dei
1241 1837 1475 1903 euacuanit?

348 1937 463 2002 absit.
501 1938 560 2001 est
596 1939 697 2003 enim
733 1938 833 2002 Deus
871 1957 1005 2017 ueras,
1043 1940 1165 2005 omnis
1198 1942 1327 2010 autem
1359 1940 1508 2006 humosa

349 2038 516 2105 mendax.
548 2039 703 2105 mantem
732 2039 833 2104 omnis
862 2039 954 2105 homo
984 2040 1114 2105 mendax
1143 2042 1191 2105 est
1218 2042 1250 2106 et
1276 2042 1361 2105 solus
1389 2042 1474 2108 Deus

349 2159 451 2220 ueras,
466 2140 542 2224 quid
556 2141 642 2206 aliud
656 2142 739 2206 serui
754 2141 786 2207 et
800 2142 935 2206 maxime
950 2140 1122 2206 sacerdotes
1139 2142 1197 2206 Dei
1211 2143 1309 2207 lacere
1324 2141 1473 2208 debemus

348 2242 410 2308 nisi
431 2244 468 2308 ut
487 2230 639 2308 humanos
658 2262 774 2310 amores
795 2245 827 2309 et
848 2243 1009 2309 mendacia
1030 2243 1239 2325 relinquamus
1258 2245 1291 2308 et
1311 2247 1475 2327 praecepta

210 2349 226 2377 ⁹
350 2346 506 2412 dominica
519 2347 726 2413 custodientes
741 2348 773 2412 in
788 2346 847 2411 Dei
862 2346 995 2411 uerimte
1010 2348 1212 2411 maneamus?

255 2509 262 2520 ,
319 2462 342 2524 ο
393 2445 492 2528 Quare
506 2450 567 2514 etsi
581 2450 679 2532 aliqui
695 2451 733 2516 de
747 2447 874 2535 collegis
889 2449 1224 2532 nostris[ertitemnt]‚
1247 2448 1358 2514 fratroe
1373 2448 1513 2514 diluo-ao

349 2553 475 2631 tissimi,
501 2553 552 2635 qui
576 2553 718 2620 deifimm
741 2551 940 2635 disciplinam
962 2552 1184 2637 neglegendam
1198 2553 1319 2634 putant,
1347 2551 1378 2615 et
1400 2570 1474 2616 cnm

350 2654 488 2722 Basilide
502 2657 535 2720 et
548 2655 693 2722 Martiale
712 2657 829 2722 temere
849 2656 1086 2733 communicent,
1113 2654 1295 2720 conturbare
1308 2654 1401 2718 iidem
1416 2671 1473 2718 no·

351 2759 449 2823 stram
460 2777 508 2824 res
524 2760 586 2824 ista
600 2777 661 2823 non
676 2759 778 2838 debet,
794 2776 866 2822 curn
881 2757 1011 2840 spiritus
1026 2758 1150 2822 sanctum
1165 2756 1197 2821 in
1212 2756 1341 2840 psalmis
1356 2756 1475 2821 talibus

350 2861 554 2925 comminetur
576 2860 694 2927 dicens:
718 2860 761 2925 tu
783 2861 911 2925 autem
933 2860 1055 2926 odisti
1078 2857 1330 2941 disciplinam
1352 2860 1394 2924 et
1412 2859 1475 2924 ab·

452 3089 485 3144 12
502 3088 578 3143 Rom.
595 3089 620 3155 3,
638 3090 665 3144 3.
682 3091 708 3143 d
777 3089 812 3143 24
829 3087 874 3142 Pa.
891 3089 934 3153 49,
954 3089 995 3142 l'l.
1014 3089 1056 3146 18.

402 3305 417 3357 1
429 3307 458 3357 et
469 3305 585 3357 mutasse
596 3318 646 3357 orsa
664 3301 714 3359 GR
827 3301 984 3371 dregionis]
997 3300 1136 3371 religionis
1148 3300 1176 3354 L
1290 3316 1338 3355 nec
1348 3315 1399 3354 ear.
1413 3300 1442 3355 P

347 3388 530 3458 persecutione
544 3388 580 3452 R,
600 3385 849 3458 persecutionemC
1002 3385 1184 3441 mfestafims
1205 3384 1333 3440 adsiduae
1354 3384 1404 3440 CR

347 3471 465 3543 dhacQ
588 3473 720 3542 gloriosae
735 3472 796 3530 (ΡΒ
921 3470 1025 3525 dedisse
1041 3471 1086 3536 Os,
1098 3469 1197 3525 didisse
1209 3470 1237 3525 L
1354 3468 1476 3540 tannis]

348 3559 462 3613 caminis
473 3559 608 3615 Bulariaa
676 3560 792 3629 dipsam
804 3573 880 3611 snam
893 3557 1080 3627 captiuitatem
1096 3554 1119 3625 0
1186 3555 1399 3626 praedicatorum
1411 3555 1440 3610 P

347 3645 501 3700 'lnnmerna
514 3645 808 3715 nslproditornmLa.
821 3645 919 3698 i.m.2
1009 3641 1174 3713 perditorum
1186 3641 1237 3698 dle
1328 3640 1363 3697 10
1373 3641 1474 3696 denota

346 3731 405 3800 nec]
418 3729 598 3786 denotioneR
751 3730 784 3785 11
796 3729 912 3784 adanam
923 3745 971 3798 per
982 3728 1062 3784 iidem
1074 3728 1108 3784 0¹
1258 3726 1437 3797 deprimet0¹

348 3816 382 3870 12
393 3815 538 3886 apostolus]
551 3816 647 3886 paulru
659 3815 754 3871 addo
865 3814 899 3869 13
911 3814 1012 3883 eornm]
1024 3814 1131 3868 illorum
1146 3812 1196 3869 ΟΒ
1306 3813 1340 3868 14
1352 3811 1474 3883 illorum]

346 3917 437 3956 eornm
448 3902 483 3968 Β,
497 3918 546 3957 erra
560 3902 584 3958 G
677 3901 819 3957 enacusbit
831 3901 922 3957 0¹12ss
1020 3900 1053 3954 15
1064 3903 1154 3954 autern
1166 3915 1215 3954 erra
1230 3899 1254 3956 0
1346 3898 1378 3952 17
1392 3913 1474 3952 uorax

346 3985 425 4057 estQ
520 3987 713 4043 ldntom.L·
792 3983 1323 4056 20qnarecorr.tnqninQ(quarsM)
1419 3983 1472 4038 ali·

345 4072 407 4142 quis
422 4071 445 4143 Q
552 4073 693 4129 utiterint
708 4074 755 4144 Qu,
767 4089 818 4129 uera
832 4072 888 4127 ΒΡ
992 4072 1025 4127 21
1038 4071 1177 4127 deioamd
1277 4071 1374 4141 putent
1386 4068 1437 4125 GR

344 4157 380 4212 22
391 4159 513 4212 martiali
528 4159 578 4216 ΟΒ
667 4158 866 4215 communicant
877 4158 920 4213 Po
1006 4160 1123 4212 nestram
1136 4156 1186 4213 012
1276 4155 1311 4210 23
1322 4159 1351 4211 et
1363 4170 1422 4210 cum
1435 4155 1474 4210 Μ

346 4244 417 4311 (oum
431 4243 464 4314 0)
