3570 4936
613 378 794 452 Epistulae
817 374 909 432 vm
927 393 951 435 o.
969 377 1046 432 1-u
1328 379 1392 445 487

260 537 404 621 pluribus
426 558 446 605 a
465 540 555 606 nobie
569 540 610 606 ad
630 556 686 603 uos
705 533 900 602 uenientibus
915 534 1062 617 quoniam
1084 553 1121 601 ea
1141 536 1246 604 omnia
1258 554 1314 603 nos
1328 536 1394 604 Deo

260 641 431 708 adiuuante
447 642 479 708 et
493 644 624 711 fecimus
639 643 671 708 et
685 639 817 707 fecimus
833 656 903 704 oum
920 637 1006 703 omni
1027 637 1237 707 sollieitudine
1258 640 1290 706 et
1310 642 1393 725 peri·

259 744 329 812 aulo
344 745 494 813 saeoulm'
511 750 584 815 aute
605 745 709 813 oeulos
723 743 795 827 plus
815 740 965 807 habentes
986 740 1132 808 timorem
1146 743 1206 810 Dei
1228 746 1260 818 et
1280 762 1393 830 paenas

257 849 424 933 perpetues
439 869 534 933 quam
547 851 694 917 timorem
708 845 869 912 hominum
884 844 917 909 et
930 843 1058 910 breuem
1073 844 1233 927 iniurium,
1254 867 1316 915 uon
1337 850 1392 916 de-

229 973 249 1013 ,ι
258 952 397 1019 serentes
418 952 646 1022 fraternitatem
670 951 702 1017 et
721 948 880 1017 hortantes
901 965 952 1013 eos
974 947 1056 1013 stare
1078 947 1113 1014 iu
1133 947 1194 1015 fide
1215 952 1248 1018 et
1268 954 1393 1036 paratos

259 1074 326 1122 esse
347 1055 460 1124 debere
482 1058 528 1124 ire
549 1077 622 1124 eum
642 1054 784 1121 Domino.
821 1050 876 1120 sed
897 1052 931 1117 et
952 1050 1150 1116 assendentes
1172 1051 1212 1116 ad
1232 1054 1290 1126 hoo
1310 1057 1391 1139 quod

258 1159 511 1242 oonpellebuntur
532 1160 754 1229 reuocauimus.
785 1154 914 1222 ecelesia
935 1156 1000 1221 etat
1020 1153 1145 1220 fortiter
1169 1154 1203 1220 in
1224 1155 1295 1240 fide,
1316 1158 1393 1225 lieet

257 1263 387 1346 quidum
412 1265 529 1333 terrore
543 1266 611 1349 ipso
626 1260 776 1347 conpulsi,
798 1260 864 1326 siue
879 1257 962 1342 quod
975 1257 1078 1325 esseut
1092 1257 1231 1342 insignes
1244 1277 1391 1341 personae

257 1367 326 1434 siue
348 1368 533 1452 adprehensi
553 1368 666 1433 timore
686 1364 865 1442 hominum,
886 1363 1031 1428 ruerunt:
1054 1378 1132 1444 quos
1153 1360 1280 1444 quidem
1301 1381 1391 1447 sepa·
1450 1399 1454 1407 ·

220 1473 342 1540 iuratos
356 1471 478 1543 anobis
492 1489 554 1538 nou
569 1470 800 1554 dereliquimus,
815 1464 870 1533 ead
884 1465 968 1549 ipsos
982 1463 1136 1531 cohortati
1150 1482 1258 1531 sumus
1274 1467 1306 1533 et
1319 1467 1392 1533 hor-

255 1574 362 1640 tamur
382 1592 475 1659 agere
495 1573 734 1658 paenitentiam,
759 1570 787 1637 si
809 1586 869 1653 quo
890 1567 982 1634 modo
1004 1567 1236 1652 indulgentium
1256 1569 1392 1653 poterint

253 1676 389 1758 resipere
404 1676 444 1741 ab
459 1693 495 1741 eo
509 1677 564 1759 qui
584 1676 688 1761 potest
705 1675 871 1758 praestare,
893 1670 975 1738 ussi
996 1670 1098 1736 roliuti
1119 1669 1389 1753 manutenetis,

253 1778 374 1860 peiores
389 1778 576 1846 efficiantur.

298 1878 424 1946 Videtis
445 1899 535 1966 ergo,
563 1881 692 1960 fratres,
719 1878 864 1964 quoniam
885 1878 918 1944 et
936 1895 992 1944 uos
1012 1877 1071 1943 hoo
1084 1875 1185 1943 faeere
1200 1876 1328 1957 dehetis,
1354 1878 1420 1944 ut3

221 2007 247 2048 n
258 1981 354 2048 etiam
364 1981 416 2047 illi
427 1983 482 2065 qui
494 1984 677 2063 oeciderunt,
688 1984 815 2049 hortatu
826 1982 929 2048 uestro
942 1980 1131 2065 corrigentes
1142 1981 1262 2047 animos
1273 1998 1389 2062 eorum,

254 2084 284 2150 si
300 2084 483 2169 adprehensi
498 2085 616 2152 fuerint
626 2087 737 2153 iterato
752 2084 965 2166 confiteantur,
980 2085 1017 2151 ut
1028 2083 1150 2167 possint
1160 2084 1295 2167 priorem
1306 2102 1390 2151 erro-

252 2205 320 2252 rem
336 2188 498 2272 eorrigere,
521 2189 553 2254 et
567 2189 631 2254 alie
644 2207 723 2272 quae
744 2188 929 2255 incumbunt
942 2187 1042 2266 uobis,
1064 2206 1144 2271 quae
1166 2187 1262 2252 etiam
1277 2188 1309 2253 et
1322 2189 1391 2272 ipss

254 2289 463 2368 subdidimus,
485 2292 522 2355 ut
537 2291 565 2356 si
579 2291 614 2356 hi
628 2292 682 2374 qui
697 2283 824 2357 in'hano
838 2290 1074 2372 temptationem
1090 2289 1268 2354 inuiderunt
1283 2306 1390 2372 ooope-

252 2391 319 2458 rint
347 2392 536 2476 adprehendi
558 2392 740 2459 infirmitate
763 2393 795 2458 et
816 2393 912 2475 agant
932 2391 1159 2474 paenitentiam
1180 2389 1257 2456 faeti
1286 2389 1335 2456 sui
1357 2391 1390 2456 et

220 2516 247 2558 eo
257 2493 433 2559 desiderent
448 2496 705 2572 communionem,
720 2494 828 2576 utique
839 2492 999 2559 subueniri
1010 2492 1055 2557 eis
1070 2490 1180 2557 debet:
1195 2493 1263 2557 siue
1276 2492 1390 2558 uiduae

256 2594 325 2660 siue
345 2594 533 2660 thlibomeni
548 2596 602 2677 qui
616 2613 650 2661 se
664 2594 806 2660 exhihere
819 2611 881 2660 non
893 2594 1024 2677 possunt
1038 2594 1107 2660 siue
1120 2592 1154 2657 hi
1170 2596 1224 2676 qui
1238 2594 1272 2658 in
1286 2613 1389 2662 ourse-

307 2833 432 2902 1p1uren
447 2831 474 2887 T
541 2831 648 2900 alexio
716 2830 811 2886 uduos
825 2831 883 2901 Tro,
901 2832 1054 2903 adouosp
1124 2833 1309 2900 uenientesl',
1328 2852 1389 2892 eou-

253 2916 411 2988 usnieutop
475 2917 628 2987 eulmeaT
697 2917 878 2987 iiuuuutep
950 2918 1194 2990 dplusooeupso
1264 2921 1388 2993 imagis

251 3019 333 3074 quem
345 3024 374 3073 μ,
392 3018 509 3074 quemw
577 3003 750 3073 beossture]
764 3005 887 3073 exturep
951 3003 969 3061 6
988 3003 1145 3060 debereona
1159 3022 1225 3076 otoo
1287 3006 1333 3062 sod
1349 3007 1387 3076 et]

251 3078 392 3153 sedent'T,
410 3088 458 3144 sed
468 3110 522 3160 φμ,
540 3088 589 3144 aed
606 3091 635 3144 et
650 3092 679 3144 te
696 3106 722 3144 w
790 3089 974 3160 uosndeutes]
993 3090 1147 3145 acoedeutm
1165 3111 1195 3160 μ,
1211 3091 1305 3147 dmtes
1316 3110 1342 3148 so

251 3174 287 3231 ad
299 3192 349 3231 ona
362 3193 396 3244 oo,
415 3175 482 3247 obp
541 3176 557 3229 l
575 3176 785 3248 compellebatur
797 3196 830 3242 φ,
847 3175 1068 3245 ooupellabuntur
1082 3176 1108 3231 T
1159 3177 1272 3232 eeclesia
1283 3181 1340 3234 stat
1355 3179 1386 3244 T,

252 3262 475 3330 eoelesmhtsp,
494 3264 522 3318 et
539 3262 678 3318 eeclesiam
695 3264 823 3333 istumw,
842 3263 967 3318 sedeam
984 3265 1048 3333 utp
1124 3263 1234 3319 fortiter
1250 3279 1336 3320 orreo

249 3347 281 3402 in
294 3347 373 3402 fldem
386 3369 419 3417 φ,
436 3350 541 3404 starent
552 3349 582 3404 iu
592 3347 644 3404 fide
656 3369 685 3418 μ,
700 3349 730 3403 in
747 3348 799 3404 fide
810 3348 994 3404 roborsuimus
1004 3366 1031 3404 w
1087 3349 1105 3404 8
1121 3350 1220 3404 terrori
1235 3351 1277 3420 Tp
1328 3367 1388 3421 per·

250 3448 317 3489 sona
332 3434 358 3488 T
431 3434 448 3488 9
465 3435 562 3490 timore
581 3434 775 3505 apprehensio
841 3436 962 3506 ruerunt]
980 3438 1137 3491 ummeutur
1150 3453 1213 3507 paon
1282 3451 1388 3507 repers-

248 3519 327 3588 tosp
388 3519 425 3578 10
440 3520 652 3591 derelinquimus
662 3539 731 3592 opio
795 3521 841 3577 sed
853 3524 914 3592 etp
978 3526 1008 3577 et
1018 3523 1190 3578 dehortamur
1201 3543 1231 3593 p,
1249 3538 1334 3592 osup

251 3606 340 3676 1111]
365 3606 412 3662 sed
434 3628 456 3672 φ
535 3608 654 3678 poterint
679 3609 729 3679 Τμ,
747 3607 877 3679 petierint
897 3626 930 3676 ro,
948 3612 1076 3680 poterunt
1098 3627 1151 3679 po3
1170 3610 1206 3676 of.
1220 3610 1333 3666 Medea.
1356 3612 1389 3665 in

208 3747 213 3759 ,
255 3691 395 3759 Guioml,
413 3697 467 3749 tls
479 3712 508 3749 n.
520 3696 556 3749 15
618 3693 652 3748 12
669 3694 857 3765 reeiperiutl',
876 3696 1003 3766 oonsequi
1014 3696 1074 3764 (sed
1085 3696 1325 3767 antepoteriut)p

247 3793 283 3833 ue
303 3779 338 3849 si]
358 3779 413 3834 uisi
429 3780 478 3835 Tro
546 3778 675 3850 delictip
739 3780 773 3835 13
789 3781 893 3851 peiores
910 3797 938 3837 se
953 3782 983 3848 T,
1001 3782 1102 3852 priores
1113 3799 1138 3836 so
1203 3782 1237 3838 15
1254 3783 1349 3854 etium]
1360 3787 1389 3839 et

248 3892 338 3959 tamo
396 3891 506 3947 hortatu
521 3893 547 3945 Τ
599 3895 721 3964 nostrop
781 3892 815 3948 16
832 3859 966 3965 silffip
1024 3896 1096 3963 utp,
1113 3909 1164 3948 one
1181 3893 1254 3965 Turro
1300 3898 1388 3967 priore

248 3992 338 4033 errore
358 3979 384 4031 T
447 3978 480 4032 17
497 3978 665 4050 corriperep
735 3979 841 4049 ulioep
904 3980 990 4051 quip
1059 3980 1250 4050 inoombunto
1320 4000 1388 4056 quse

248 4065 640 4136 omnimedens-ep
699 4068 822 4136 etonap
890 4066 1280 4140 ldsiiiw,sihiTp,sipo
1337 4072 1389 4127 hae

247 4151 427 4221 temptatione
442 4151 513 4221 Tpeo
570 4151 750 4222 inciderentp
806 4155 950 4224 eoeperunt
964 4153 1057 4224 sepe
1103 4154 1138 4209 19
1152 4155 1353 4229 apprehensio

248 4234 664 4308 infirmitatilluffirmitutip
723 4240 845 4311 agento
903 4238 1112 4313 assumpt
1171 4241 1207 4299 21
1225 4241 1389 4300 thlibomeui

247 4323 319 4378 sont
344 4321 508 4394 Bosporios,
531 4323 693 4381 thilhomeni
710 4346 740 4398 p,
763 4325 956 4393 elidomenii',
981 4324 1146 4385 ohlidomeui
1164 4345 1221 4398 pro,
1243 4327 1390 4387 clinomeni

248 4409 322 4465 coni.
341 4408 487 4465 Paneuei
542 4408 585 4464 hii
604 4431 625 4479 φ
