3570 4936
342 308 409 375 488
729 296 883 355 ctoeilii
904 297 1064 369 Cypriani
1112 335 1116 341 -
1160 359 1164 365 ¹

342 462 431 528 nbus
457 459 531 524 sunt
558 456 626 521 siue
653 455 771 523 exclusi
794 456 832 523 de
854 456 980 523 sedibus
1007 445 1073 522 suis
1095 457 1203 539 utique
1225 455 1339 522 babere
1359 454 1474 520 debent

341 566 397 649 qui
412 564 457 629 eis
472 559 667 626 ministrent:
700 561 754 627 ced
769 564 802 628 et
823 561 1009 627 catecumini
1023 560 1206 644 adprehensi
1220 559 1403 626 infirmitate
1417 560 1472 625 de·

341 666 424 750 cepti
438 681 504 753 cese
525 680 587 728 uon
608 663 771 748 debebunt,
794 666 832 731 ut
846 665 891 730 eis
913 664 1126 730 subueniretur.
1149 665 1182 729 et
1195 663 1278 746 quod
1298 664 1472 729 maximum

340 768 397 852 eet,
420 784 547 849 corpore
561 767 734 850 martyrum
748 770 804 833 aut
818 767 988 834 ceterorum
1008 766 1037 830 si
1058 784 1120 831 non
1134 765 1334 847 sepeliantur,
1356 766 1470 852 munde
1546 777 1553 785 ’

219 877 226 890 ’
337 870 511 957 pericnlum
532 870 677 936 imminet
691 871 735 936 cis
749 871 862 953 quibus
883 868 1039 935 incumbit
1057 870 1115 934 boc
1129 885 1215 951 opus.
1246 871 1488 953 cuiuscumques

338 992 411 1060 ergo
426 974 567 1040 uestrum
578 991 770 1056 quecumque
785 973 943 1038 occasione
954 971 1048 1036 fuerit
1061 971 1208 1051 effectum
1218 971 1277 1036 hoc
1290 991 1376 1056 opus,
1392 971 1470 1038 certi

278 1090 284 1099 '
336 1095 444 1143 sumus
466 1093 538 1141 enm
560 1074 674 1141 bonum
696 1094 821 1141 seruum
836 1074 1005 1151 aestimari,
1028 1074 1140 1156 utqui
1160 1074 1194 1139 in
1215 1074 1346 1140 minimo
1368 1075 1468 1141 fidebs

335 1181 399 1248 fuit
421 1181 630 1249 constituatur
649 1198 740 1263 super
755 1179 862 1245 decem
876 1177 1030 1243 ciuitates.
1068 1176 1165 1242 iaciat
1179 1183 1285 1242 autem
1299 1178 1394 1257 Dens,
1413 1178 1468 1262 qni
1535 1164 1554 1240 ’.

335 1284 440 1350 omnia
456 1284 596 1368 praestat
619 1282 814 1366 sperantibus
836 1282 870 1346 in
883 1300 926 1361 se,
948 1284 986 1346 ut
999 1298 1105 1346 omnes
1126 1299 1182 1346 nos
1203 1281 1237 1345 in
1258 1280 1307 1345 bis
1321 1281 1465 1363 operibus

332 1387 538 1454 inueniamur.
575 1386 715 1453 salutant
734 1405 790 1453 uos
805 1385 916 1451 babes
930 1385 985 1469 qui
1004 1385 1126 1451 suntin
1139 1384 1276 1451 uinculis
1291 1385 1323 1458 et
1336 1385 1500 1470 presby-1.

331 1491 393 1557 teri
407 1493 440 1558 et
461 1493 530 1558 tote
550 1491 696 1569 ecclesia,
718 1509 797 1574 quae
813 1491 846 1557 et
859 1491 928 1574 ipsa
948 1508 1019 1555 cnm
1041 1508 1165 1555 summa
1187 1487 1397 1554 sollicitudine
1412 1507 1464 1553 ex·

331 1593 425 1660 cubet
438 1613 494 1677 pro
509 1594 653 1661 omnibus
669 1594 724 1679 qui
737 1593 883 1660 innocent
896 1610 1009 1659 nomen
1025 1593 1161 1659 Domini
1196 1593 1251 1659 sed
1265 1595 1298 1657 et
1312 1610 1368 1658 nos
1382 1592 1462 1674 peti·

330 1715 402 1762 mus
424 1698 536 1764 mutua
549 1699 618 1764 uice
632 1716 783 1765 memores
798 1698 869 1764 sitis
889 1699 998 1764 nostri.
1035 1698 1142 1773 scietis
1157 1699 1263 1762 eutem
1277 1696 1464 1762 Bassianum

328 1801 505 1883 pemenisse
520 1802 561 1867 ed
573 1819 644 1866 ncs:
667 1803 700 1867 et
713 1802 851 1886 petimus
864 1820 931 1880 uos,
946 1801 1000 1883 qui
1010 1800 1133 1865 habetis
1148 1800 1249 1866 zelum
1265 1800 1333 1878 Dei,
1348 1799 1461 1865 barum

328 1901 509 1968 litterarum
524 1904 699 1985 exemplum
714 1905 797 1986 apud
808 1921 1017 1986 quoscumque
1026 1904 1169 1986 poteritis
1180 1903 1394 1968 transmittere
1405 1921 1493 1985 pern

327 2003 454 2069 idoneas
476 2007 656 2088 occasiones,
680 2007 731 2071 uel
753 2009 872 2072 uestras
894 2005 1034 2083 faciatis,
1058 2007 1124 2071 siue
1145 2006 1293 2071 nuntium
1314 2005 1460 2089 mittetis,
1542 2011 1545 2017 '

327 2107 364 2170 ut
384 2107 468 2172 stent
488 2105 584 2172 fortes
599 2108 631 2171 et
645 2107 809 2173 inmobiles
824 2108 856 2172 iu
871 2106 940 2172 fide.
976 2109 1121 2190 optamus
1142 2127 1207 2186 uos,
1230 2108 1342 2173 iratrae
1364 2107 1460 2172 cuns·

325 2207 411 2289 simi,
433 2226 554 2292 semper
568 2209 645 2275 bene
658 2209 772 2275 ualere.

578 2496 967 2610 EPISTVLA
1001 2496 1201 2610 VIIIL
1243 2513 1252 2524 ’

325 2731 525 2790 curulibus
541 2734 780 2792 Pussnsunms
797 2734 843 2789 ΕΤ
860 2734 1078 2791 DIAOONIBVS
1100 2735 1225 2793 nomn
1247 2733 1488 2793 confflem-ao

703 2820 808 2876 umus
825 2820 1026 2876 FBATRIBVS
1044 2821 1072 2876 S.

295 3003 310 3065 ι
366 2989 445 3057 Cum
460 2990 499 3057 de
513 3010 636 3057 excessu
650 2992 724 3059 boni
746 2992 808 3057 uiri
823 2992 960 3077 collegae
980 2993 1044 3058 mei
1063 3010 1170 3059 mmor
1183 2992 1267 3076 apud
1280 3011 1336 3059 nos
1351 2994 1452 3059 incer-

322 3096 375 3161 tus
401 3096 500 3173 esset,
531 3093 642 3160 iratres
672 3095 843 3174 carissimi,
877 3097 909 3160 et
930 3094 1032 3180 opinio
1062 3096 1157 3161 dubia
1177 3098 1317 3174 nutaret,
1346 3096 1457 3180 accepi

265 3350 267 3355 .
373 3280 388 3334 1
408 3278 545 3345 excudiec,
564 3278 699 3351 expulsip
744 3280 869 3352 delete*
902 3280 1087 3336 2ceticumini
1101 3281 1403 3352 zcethccumiuiopec

320 3365 350 3420 in
366 3363 558 3436 infirmitatep
623 3365 641 3420 8
657 3365 800 3438 debebunt]
813 3365 983 3436 hebebuutp
1047 3366 1112 3436 quid
1125 3386 1147 3436 φ
1216 3369 1235 3422 4
1251 3367 1362 3438 mandis
1378 3368 1449 3438 peri·

319 3451 429 3506 culisT
483 3452 689 3521 bimmincetp
744 3451 881 3522 eielhisp
946 3451 1120 3523 cuiusquem
1141 3453 1448 3524 cuiuscumque...hce

318 3554 509 3609 cpusoercpw
567 3539 850 3610 tellectumiueritp
906 3539 1120 3610 ieristimnrip
1180 3541 1390 3610 minimoom.o

317 3624 336 3678 8
352 3624 416 3695 luit]
438 3625 522 3696 eritp
589 3642 667 3696 super
686 3642 735 3681 om.
749 3643 774 3680 ec
839 3625 1036 3698 decem1XIec
1104 3625 1217 3698 iecitp¹
1288 3630 1322 3683 11
1340 3645 1447 3685 cumen

318 3713 409 3768 ech
477 3711 511 3766 12
527 3727 618 3767 omnes
632 3712 659 3768 T
717 3712 776 3782 nos]
796 3724 871 3768 noso
892 3757 900 3766 .
939 3712 973 3767 13
990 3713 1236 3784 eutem1eteump
1305 3716 1446 3772 bannum

321 3798 365 3866 To
421 3797 455 3852 lb
472 3799 622 3870 exemplep
680 3797 760 3869 apud]
773 3798 858 3868 edpc
883 3829 888 3841 ·
919 3799 1096 3870 potueritisp
1154 3802 1188 3857 16
1205 3804 1329 3874 nestrnp
1386 3819 1446 3859 mu·

315 3883 420 3938 tatisec
468 3884 638 3941 lictorem
683 3884 874 3941 iufldeooew
915 3885 1114 3941 frebesomw
1129 3898 1139 3910 ‘
1157 3888 1444 3959 18sempercoeec—

315 3967 441 4024 Scribens
452 3968 590 4026 Celerinus
601 3970 717 4026 Lucisne
728 3971 839 4041 explicit
854 3971 885 4035 T,
904 3987 953 4027 ono
967 3988 1042 4042 φμω.

368 4053 456 4124 Epist
468 4054 559 4111 v111u
578 4086 612 4097 —
628 4057 671 4112 Ad
688 4057 788 4133 elerum
804 4056 837 4112 de
849 4073 953 4112 excessu
971 4057 1087 4129 episcopi
1105 4074 1195 4115 eorum
1211 4062 1242 4125 V,
1261 4060 1363 4132 Incipit
1374 4062 1442 4132 (epi-

316 4139 392 4194 stule
404 4141 531 4212 Cypriani
542 4142 607 4196 cdd.
620 4144 673 4210 ΙΤ)
684 4143 827 4213 scribentis
835 4142 962 4211 (scribens
971 4147 997 4214 c)
1006 4144 1105 4200 Romae
1117 4145 1188 4202 clero
1199 4147 1244 4217 (ad
1252 4147 1352 4203 clerum
1365 4149 1399 4212 Τ)
1409 4148 1442 4204 de

314 4224 458 4295 reditione„
470 4227 512 4292 (de
532 4227 680 4284 redditione
693 4230 746 4297 IT,
764 4245 814 4287 coe
827 4230 872 4300 Μ)
891 4231 1006 4301 episcopi
1024 4231 1111 4287 urbici
1123 4233 1250 4303 (urbiciui
1262 4237 1289 4303 ο)
1307 4236 1441 4302 Elison,

307 4317 365 4366 'ore
378 4331 408 4366 ω.
422 4312 615 4369 -2beeeeM
677 4319 784 4373 notaret
801 4315 826 4369 'l'
