3570 4936
519 355 527 364 '
650 364 828 435 Epistulae
844 361 906 417 LV.
925 363 1036 431 14-17.
1343 363 1406 429 635

269 522 458 589 infirmus
480 519 656 586 infirmis
678 521 721 585 nt
741 518 926 585 infirmos
948 516 1133 585 lucrarer.
1163 520 1348 587 etiterum:
1374 516 1407 582 si

270 626 426 709 patitur
463 623 675 690 membrum
710 641 839 702 unum,
883 621 1168 704 conpatiuntur
1204 627 1242 690 et
1277 624 1408 689 cetera

269 729 456 795 membra:
485 726 523 792 et
544 728 578 793 si
599 727 772 793 laetatur
792 744 908 791 unum
930 724 1157 803 membrum,
1187 728 1407 794 conlaetan·

272 833 340 897 tur
361 831 399 896 et
420 830 553 896 estora
574 830 754 897 membra.

249 954 262 995 s
316 933 392 1000 Alia
412 935 461 998 est
482 932 735 1018 philosophorum
756 933 789 999 et
807 930 982 999 Stoicorum
1005 930 1095 1008 ratio,
1119 928 1217 997 frater
1238 933 1406 1012 oarhsimo,
1422 937 1460 998 16

270 1038 325 1120 qui
345 1036 455 1103 mount
475 1037 581 1103 omnia
598 1037 724 1121 peooata
742 1036 830 1121 paria
845 1053 911 1103 esse
926 1035 959 1114 et
974 1033 1079 1099 uirum
1094 1052 1224 1118 grauem
1238 1054 1300 1101 non
1314 1035 1407 1102 facile

268 1137 354 1206 flecti
377 1141 526 1224 oportere.
553 1141 636 1206 inter
650 1137 840 1206 Christianos
854 1140 962 1205 autom
977 1138 1010 1203 et
1023 1136 1222 1222 philosophos
1236 1139 1409 1221 plurimum

270 1242 380 1309 distat.
397 1244 430 1309 ot
444 1262 517 1310 oum
535 1243 693 1326 apostolus
713 1243 812 1310 dieat:
834 1242 969 1309 uidete
989 1260 1034 1306 ne
1055 1240 1143 1324 quis
1165 1231 1232 1306 n'os
1255 1240 1408 1325 deprae-

271 1345 386 1413 detur
407 1365 474 1428 por
494 1345 786 1431 philosophiam
807 1347 844 1412 st
864 1345 1018 1411 inanem
1040 1343 1259 1422 iallaeiam,
1280 1344 1410 1410 uitanda

236 1451 347 1516 nsunt
373 1468 453 1533 quas
474 1466 535 1515 non
558 1449 596 1515 de
616 1449 677 1515 Dei
702 1448 868 1515 clementia
894 1447 1036 1526 ueniunt,
1062 1447 1116 1513 sed
1138 1446 1176 1514 do
1196 1446 1409 1533 philosophiae

272 1551 408 1619 durioris
429 1547 681 1635 praesumptions
703 1550 902 1618 descendunt.
926 1549 965 1615 do
979 1549 1088 1634 Moyse
1106 1551 1214 1616 autom
1227 1550 1362 1636 legimus
1376 1551 1415 1615 in-

273 1654 439 1738 seriptnris
461 1654 599 1720 dietum:
629 1654 666 1719 st
687 1652 768 1719 fnit
789 1653 942 1736 Moyses
969 1651 1077 1717 homo
1099 1652 1200 1719 lonis
1221 1654 1347 1719 nimis.
1377 1655 1410 1720 et

271 1757 425 1824 Dominus
440 1756 473 1822 in
489 1756 652 1842 euangelio
667 1775 722 1822 suo
736 1755 829 1822 dicit:
852 1755 979 1821 estote
994 1755 1285 1835 misericordes,
1306 1756 1410 1822 siout

271 1862 310 1927 at
338 1862 453 1945 pater
482 1861 615 1926 uester
641 1860 827 1925 misertus
857 1858 917 1923 est
946 1856 1085 1922 uestri.
1121 1857 1305 1923 etiterum:
1338 1876 1408 1923 non

237 1964 333 2030 sest
354 1981 449 2046 opus
476 1961 583 2027 sanis
612 1961 797 2041 medicus,
825 1961 891 2026 sed
918 1959 1019 2025 male
1041 1959 1287 2027 habentibus
1316 1967 1409 2044 quam

270 2067 377 2148 potest
387 2083 526 2130 exercere
540 2064 727 2130 medicinam
738 2065 793 2148 qui
803 2063 895 2130 dicit:
910 2054 981 2148 ‘ego
996 2064 1078 2129 solos
1093 2079 1182 2129 sanos
1197 2081 1280 2143 euro,
1296 2063 1410 2148 quibus

271 2166 413 2234 medicus
432 2157 781 2250 neeessariusnon‘ost'.
804 2184 895 2251 opem
916 2169 1067 2243 nostram,
1089 2166 1256 2232 medellam
1271 2170 1409 2234 nostram

272 2271 448 2336 unlneratis
477 2269 619 2336 exhibere
645 2269 801 2336 debemus.
830 2288 887 2335 noo
912 2269 1060 2353 putemus
1085 2269 1224 2336 mortuos
1249 2290 1324 2348 osse,
1354 2270 1409 2335 sed
1485 2298 1487 2303 ·
1536 2318 1542 2333 .

272 2374 377 2460 magis
397 2373 596 2441 semianimes
614 2373 714 2440 iaoere
734 2392 785 2440 eos
800 2392 876 2456 quos
890 2373 1102 2456 perseeutione
1116 2371 1239 2438 funesta
1253 2374 1408 2439 sauciatos

237 2475 433 2542 nuidemus:
450 2476 504 2559 qui
516 2476 543 2541 si
554 2476 588 2541 in
598 2478 703 2543 totum
716 2476 833 2542 mortni
848 2477 960 2552 essent,
976 2493 1148 2557 numquam
1160 2475 1197 2540 de
1207 2475 1308 2540 isdem
1321 2477 1408 2557 post

273 2578 403 2645 modum
419 2583 451 2646 et
465 2578 651 2646 oonfessores
667 2581 700 2644 et
712 2579 866 2664 martyres
880 2577 1001 2643 fierent.

316 2679 377 2747 Sed
398 2681 545 2764 qnoniam
566 2681 661 2749 estin
675 2681 741 2747 illis
761 2682 844 2765 quod
863 2681 1056 2765 paenitentia
1076 2682 1224 2762 sequente
1236 2679 1408 2745 renalesoat
1422 2682 1458 2746 17

273 2784 314 2851 ad
334 2783 430 2850 fidem
450 2784 483 2850 et
504 2785 544 2850 ad
564 2786 716 2851 uirtutem
731 2782 976 2868 depaenitentia
995 2781 1090 2849 robur
1104 2783 1254 2863 armatur,
1273 2782 1408 2865 -qnod

378 3002 627 3073 Ileoslmtt
714 3003 893 3070 Bootae
976 3002 1210 3068 mammae.
1293 2999 1408 3057 renue

273 3089 298 3156 6,
316 3090 359 3146 36.
430 3088 692 3152 romuh.a.1a

251 3269 256 3276 '
325 3259 471 3317 linitrmia
490 3259 841 3329 intirmm0h1(inflrmua
859 3259 1052 3331 inthmisQ)¹
1127 3260 1245 3316 2nnum
1261 3258 1409 3314 membrum

278 3346 355 3419 OQR
431 3345 536 3417 tetsi]
548 3345 574 3401 si
586 3346 614 3402 Β
688 3345 826 3402 laetentur
837 3346 866 3402 Β
942 3362 1026 3401 unum
1039 3362 1074 3400 m
1087 3345 1328 3401 collaetanturoea
1343 3344 1371 3399 Β

274 3432 563 3488 membrumunumL
639 3432 981 3489 tahasstenaliaesic
1049 3430 1245 3487 istoieommR
1319 3432 1408 3500 opso-

273 3517 346 3589 aa]
363 3516 481 3589 petrat’
559 3518 659 3588 pario
736 3518 859 3589 manem]
875 3517 1041 3593 engratiam
1057 3517 1248 3574 (incandet.
1333 3516 1408 3572 aaa

273 3603 456 3675 prehendatur
471 3605 505 3661 0¹
600 3604 636 3660 10
646 3604 721 3675 sunt]
733 3621 750 3659 a
762 3605 840 3661 nobis
852 3604 919 3661 aaa
932 3605 978 3661 Ro
1065 3606 1096 3660 11
1110 3605 1334 3676 praesumptionis
1346 3604 1374 3660 L

273 3690 361 3761 moysi
374 3690 430 3747 Bo
503 3691 573 3762 legis
590 3691 613 3748 Ο
686 3691 715 3745 in
726 3708 777 3747 oua
791 3691 846 3749 ΒΟ
923 3691 957 3746 1e
969 3691 1066 3762 estote]
1080 3706 1143 3762 ergo
1154 3691 1218 3746 odet
1231 3692 1260 3747 Β
1327 3691 1407 3762 ment]

273 3776 407 3846 quomodo
422 3775 504 3834 oa?
581 3776 615 3832 15
625 3791 692 3847 opus
703 3776 731 3833 Β
742 3777 790 3833 eod
801 3794 833 3832 ne
844 3793 925 3846 corr„
937 3794 984 3848 epe
1000 3778 1034 3835 G·
1117 3778 1152 3832 16
1162 3778 1262 3850 potest]
1274 3781 1336 3848 poet
1346 3777 1374 3833 Β

273 3861 451 3918 medicinali
541 3863 752 3934 egoexergoo
842 3862 1008 3935 solusBOQ
1099 3862 1408 3929 morasmoras,

274 3963 325 4004 oen
343 3949 367 4006 0
453 3948 485 4004 17
498 3951 679 4004 nostramoeu
697 3947 804 4020 wouh
817 3950 865 4018 Μ)
943 3949 1075 4005 medelam
1087 3950 1130 4007 Bo
1218 3949 1252 4004 18
1264 3951 1408 4005 uulnerau-

275 4035 315 4089 tis
330 4033 364 4090 0¹
469 4033 593 4089 exhihere
604 4034 730 4090 debemus
740 4036 892 4091 unlneratis
904 4035 932 4091 Β
1036 4037 1094 4107 nee]
1106 4052 1190 4091 nono
1292 4036 1327 4091 20
1338 4037 1408 4092 uidi·

273 4136 334 4175 mus
347 4120 376 4176 Β
474 4119 574 4176 eisdem
590 4119 629 4192 Qu
727 4123 866 4177 minoen.
881 4122 909 4178 Β
1007 4123 1192 4194 poenitentiae
1207 4123 1407 4193 0¹,paeniton

275 4206 346 4261 tium
358 4206 386 4262 L
491 4210 632 4278 sequenter
643 4208 677 4274 L,
695 4206 848 4279 frequenter
860 4208 890 4264 Β
993 4209 1128 4266 molescat
1139 4209 1174 4276 L,
1192 4213 1334 4266 eumaem
1347 4209 1374 4265 Β

273 4291 309 4347 23
321 4292 354 4348 de
367 4309 417 4349 osa
432 4291 514 4350 ROB
583 4294 765 4364 paenitentiae
778 4294 860 4352 ROB
928 4294 1046 4353 roboro
1094 4293 1097 4300 '
1385 4299 1388 4306 '
