3570 4936
685 372 862 442 Epistulae
878 373 1002 429 xuni.
1021 391 1042 429 c
1061 375 1139 431 5-6.
1413 376 1478 443 595
1565 402 1569 409 '

339 551 415 599 cum
438 503 595 615 episcopis·
613 548 674 597 non
695 530 760 596 sint
781 529 835 614 qui
857 532 964 596 contra
985 529 1145 613 episcopos
1171 500 1372 614 rebeilaruut‚
1404 549 1477 600 oon·

340 634 507 725 iurationis
536 652 610 700 suso
631 651 743 718 paenas
766 633 824 701 soli
850 632 982 698 subeant
1003 632 1057 716 qui
1080 633 1157 699 olim
1179 637 1350 703 secundum
1372 638 1479 702 uestm

340 738 501 823 suffragia,
528 756 611 803 nuuc
633 739 802 805 secuudum
824 736 884 803 Dei
905 736 1022 802 iudicia
1043 735 1233 803 seutentiam
1256 740 1478 806 coniurationis

343 843 377 908 et
397 841 609 926 malignitatis
632 861 705 909 snae
726 841 831 908 subire
852 840 1041 906 meruerunt.

318 938 351 1015 s'-
383 945 491 1012 Monet
505 962 561 1010 nos
575 937 730 1013 Dominus
743 946 775 1012 iu
790 945 952 1031 euangelio
972 961 1032 1021 suo
1050 941 1173 1008 dicens:
1195 945 1354 1012 reicitis
1376 960 1507 1035 man-t

339 1048 472 1114 datum
505 1048 577 1115 Dei
609 1053 652 1117 ut
684 1050 944 1116 traditionem
976 1049 1149 1114 uestram
1183 1050 1387 1114 statuatis.
1422 1052 1475 1134 qui

337 1153 524 1219 mandatum
539 1153 599 1219 Dei
621 1154 755 1221 reiciunt
776 1156 808 1219 et
829 1151 1031 1218 traditionem
1054 1169 1144 1217 suam
1166 1152 1305 1217 statuere
1327 1155 1477 1219 conantur

340 1255 465 1322 fortiter
487 1258 617 1323 anobis
647 1259 678 1322 et
704 1255 838 1322 firmiter
864 1257 1059 1340 respuantur.
1094 1253 1233 1320 sufficiat
1260 1255 1358 1338 lapsis
1386 1256 1477 1321 ruins

338 1377 411 1424 una.
445 1377 537 1425 nomo
570 1361 710 1427 uolentes
743 1378 870 1445 surgere
899 1378 957 1425 sus
984 1358 1249 1424 circumuentioue
1281 1358 1474 1441 praecipitet.

303 1482 430 1529 rodomo
451 1464 597 1543 iacentes,
620 1482 676 1548 pro
698 1462 810 1546 quibus
830 1479 886 1528 uos
907 1477 1052 1545 rogamus
1066 1463 1105 1526 ut
1118 1461 1178 1526 Dei
1192 1481 1288 1556 manu
1304 1464 1336 1526 et
1350 1460 1475 1526 brachio

338 1565 554 1646 subleuentur,
577 1567 753 1649 prosternat
775 1565 904 1651 gramm
926 1568 958 1629 ot
973 1562 1139 1644 deprimat.
1163 1582 1253 1629 nemo
1276 1563 1475 1651 semianimes

339 1672 373 1737 et
394 1674 431 1736 ut
454 1671 588 1736 salutem
617 1689 707 1737 suam
733 1669 898 1751 pristinam
927 1666 1079 1750 recipiant
1105 1667 1305 1749 deprecantes
1327 1669 1366 1733 ab
1390 1669 1474 1733 omni

337 1791 392 1856 spe
414 1772 528 1840 salutis
550 1774 683 1838 auertat,
706 1788 797 1841 neruo
818 1770 1003 1836 nutantibus
1025 1771 1134 1852 lapsus
1156 1769 1205 1834 sui
1229 1771 1473 1854 caligineomne

336 1875 462 1941 itineris
490 1875 640 1941 salutaris
668 1875 773 1939 lumen
803 1873 974 1959 extinguat.
1005 1873 1138 1938 instruit
1165 1873 1323 1954 apostolus
1351 1874 1472 1940 dicens:

301 1979 371 2045 resi
393 1979 483 2061 quis
513 1978 634 2044 aliter
661 1976 774 2043 docet
796 1979 834 2042 et
855 1993 927 2041 non
950 1974 1176 2058 adquiescit
1204 1974 1311 2041 sanis
1340 1975 1473 2041 uerbis
1524 2000 1527 2009 ·

336 2081 496 2147 Domini
525 2081 651 2146 nostri
678 2081 768 2146 Iesu
798 2078 949 2145 Christ-i
978 2081 1016 2145 et
1042 2078 1247 2144 doctrinae
1278 2079 1363 2144 eius
1395 2082 1474 2144 stu·

336 2203 427 2268 pore
449 2186 593 2267 elatus,
617 2184 774 2250 discedo
796 2182 840 2249 ab
860 2182 1093 2248 huiuamodi.
1118 2183 1281 2248 etiterum
1296 2182 1375 2248 dicit
1390 2183 1471 2264 ipso:

336 2305 445 2355 nemo
467 2306 536 2354 uos
558 2287 736 2372 decipiat
757 2285 941 2353 inanibus
963 2285 1106 2351 uerbis.
1136 2288 1346 2370 propterea
1369 2286 1472 2353 enim

336 2392 448 2457 uenit
473 2392 534 2457 ira
556 2391 626 2456 Dei
655 2410 769 2474 super
790 2390 902 2455 filios
924 2388 1202 2455 contumaciae.
1233 2389 1361 2454 nolite
1383 2406 1472 2474 ergo

296 2512 423 2560 ecesse
437 2494 657 2577 participes
674 2511 811 2559 eorum.
834 2510 895 2558 non
910 2491 1053 2580 estquod
1069 2491 1192 2574 decepti
1206 2490 1353 2557 inanibus
1368 2492 1472 2556 uerbis

333 2597 503 2679 prauitatis
532 2613 640 2663 eorum
662 2596 820 2678 incipiatis
842 2613 909 2661 esse
929 2594 1105 2677 participes.
1138 2592 1289 2659 discedite
1311 2613 1330 2658 a
1351 2596 1471 2660 talibus

334 2715 449 2782 quaeso
471 2715 528 2763 uos
550 2700 583 2763 et
604 2697 794 2781 adquiescite
816 2697 953 2764 consiliis
974 2696 1089 2763 nostris
1111 2696 1165 2779 qui
1186 2714 1243 2779 pro
1265 2698 1355 2763 uobis
1377 2698 1471 2763 cotti·

336 2802 388 2868 die
410 2801 573 2867 continuas
595 2801 730 2867 Domino
755 2819 861 2883 preces
889 2800 1059 2884 fundimus,
1090 2800 1144 2882 qui
1166 2817 1223 2865 uos
1245 2800 1285 2866 ad
1308 2801 1471 2868 ecclesiam

332 2905 472 2971 reuocari
499 2923 556 2989 per
578 2904 706 2970 Domini
728 2904 928 2970 clementiam
949 2905 1103 2987 cupimus,
1133 2903 1188 2986 qui
1210 2903 1250 2970 de
1271 2903 1338 2970 Deo
1361 2923 1467 2989 pacem

293 3007 548 3091 septeniseimam
569 3006 672 3089 primo
693 3007 799 3085 metri,
822 3007 899 3072 tunc
914 3009 947 3072 et
960 3005 1035 3072 filiis
1057 3007 1124 3073 eius
1147 3023 1281 3073 oramus.
1305 3025 1379 3073 cum
1399 3025 1471 3090 pro-

436 3271 554 3327 duduc
574 3271 600 3336 7,
617 3272 642 3327 9.
715 3270 1005 3336 uulsinos-o.
1076 3269 1111 3325 18
1128 3270 1195 3341 Epis
1214 3272 1240 3337 5,
1259 3270 1284 3326 6.
1305 3271 1328 3325 7.

383 3511 654 3568 lrebellsueruutB
738 3512 933 3567 isuaeorab
1017 3512 1144 3582 paeuaB
1231 3512 1361 3568 cliruom.
1377 3514 1405 3568 Β

328 3598 348 3654 8
364 3615 436 3654 uuuc
457 3614 526 3653 corr.
548 3600 581 3654 s'n
601 3614 655 3653 uon
669 3598 737 3670 Qec
750 3601 771 3653 2
789 3604 870 3667 (nuuc
880 3598 927 3670 Μ)
1024 3601 1043 3653 4
1054 3599 1145 3653 subire
1166 3615 1201 3654 ea
1221 3598 1284 3654 subi
1295 3599 1322 3654 L
1332 3618 1368 3654 m.
1380 3605 1399 3655 2

329 3685 484 3741 ddominus
492 3691 558 3755 pest
568 3700 617 3740 suo
630 3676 659 3740 Β
735 3685 840 3740 isuam
851 3701 901 3740 om.
916 3686 944 3740 Β
1022 3685 1226 3757 SenticisntQ
1295 3686 1402 3742 9uemo
1414 3703 1465 3742 om.

330 3771 433 3828 LNP.
504 3771 678 3842 praecipitet
689 3770 744 3841 Le
829 3773 862 3827 13
874 3770 1002 3827 abuertst
1012 3772 1047 3827 N
1127 3772 1301 3842 nutantibus]
1314 3775 1466 3838 nuntianti-

329 3857 381 3912 bus
393 3858 421 3913 Β
513 3858 606 3927 lspsus
618 3857 671 3927 sui]
683 3856 773 3912 labeni
785 3858 820 3913 N
907 3858 1019 3929 caligite
1030 3859 1119 3913 omnis
1130 3858 1158 3912 Β
1254 3859 1288 3913 17
1300 3858 1399 3931 elatus]
1413 3861 1468 3915 elo·

329 3946 412 3998 ustus
426 3943 457 4015 Q,
470 3942 583 3998 inflatus
594 3943 623 3999 P
690 3941 726 3997 20
736 3942 841 4013 decepti
850 3944 887 4008 B,
898 3944 986 4015 decipi
995 3943 1105 4016 LNPQ
1174 3945 1208 3999 21
1222 3948 1251 3999 et
1262 3946 1410 4015 prauitatis
1420 3947 1453 4001 N
1454 3966 1466 4015 ,⁴

325 4030 461 4098 sor'tssse:
480 4030 655 4100 decipiamini
671 4029 798 4084 inanibus
815 4029 905 4085 uerbis
917 4034 946 4085 et
957 4031 1105 4101 prauitatis
1203 4047 1238 4086 ne
1249 4032 1391 4101 incipiatis
1405 4032 1433 4087 P

326 4117 488 4188 participes]
500 4119 590 4205 Qati
601 4116 629 4170 Β
691 4166 694 4175 ,
714 4114 844 4172 ffiscedite
856 4132 891 4171 ec
902 4116 999 4171 discite
1013 4116 1041 4171 P
1130 4116 1166 4171 22
1177 4117 1291 4172 cottidie
1303 4134 1354 4172 om.
1368 4119 1397 4175 Β

326 4201 363 4258 23
374 4219 466 4273 preces
484 4203 536 4259 duo
548 4203 577 4259 Β
675 4203 710 4258 24
721 4205 859 4274 cupiamus
870 4204 910 4259 Β*
1007 4204 1043 4259 25
1055 4205 1143 4276 primo
1155 4203 1189 4268 Β,
1211 4205 1293 4275 primi
1305 4205 1371 4271 NP,
1388 4205 1467 4276 prius

325 4287 397 4360 BQu
467 4291 553 4346 macri
564 4289 663 4348 LN'P
731 4291 791 4346 tum
803 4291 850 4348 No
918 4291 987 4361 cum]
1000 4293 1059 4346 tum
1072 4291 1107 4358 Ρ,
1119 4289 1183 4346 dum
1195 4290 1224 4346 L

1183 4395 1257 4462 38*
