3570 4936
315 341 379 406 ’112
718 337 863 393 Caecilii
881 337 1047 409 cypriani

314 495 482 574 utrumque
503 489 652 557 miscetur
666 494 698 558 et
718 494 903 560 adunatione
927 495 1055 561 confusa
1075 493 1136 559 sibi
1156 494 1291 562 inuicem
1315 494 1439 578 copula-

313 597 377 671 tur,
401 596 476 659 tunc
498 598 724 662 sacramentum
745 596 887 680 spiritale
907 600 939 663 et
959 597 1089 662 caeleste
1110 597 1279 679 perficitur.
1307 600 1439 665 0100000

315 695 395 762 calix
409 695 535 761 Domini
556 716 617 762 non
631 699 772 783 estaqua
786 701 920 766 soleant
935 701 1045 765 uinum
1064 700 1176 778 solum,
1197 703 1258 768 uisi
1273 705 1440 783 utrumque

314 798 376 864 sibi
398 798 575 878 0010000100,
602 804 752 883 quomodo
775 821 830 868 uec
851 820 961 886 corpus
983 800 1111 867 Domini
1130 804 1235 885 potest
1255 825 1321 871 esse
1341 804 1441 870 farina

315 901 382 968 sola
396 904 453 967 aut
468 920 548 983 aqua
562 904 635 983 sola
657 906 718 973 nisi
732 911 898 987 utrumque
912 904 1086 971 adunatum
1100 902 1197 970 fuerit
1210 908 1243 972 et
1256 907 1461 991 copulatume

239 1005 242 1011 “
315 1005 348 1070 01
361 1004 453 1087 panis
467 1005 560 1071 unius
575 1026 709 1094 conpage
724 1008 901 1076 solidatum.
923 1026 984 1090 qno
1005 1007 1119 1089 etipse
1134 1014 1325 1076 sacramento
1339 1029 1438 1093 popu-

198 1148 202 1155 ·
313 1107 364 1172 lus
384 1109 489 1174 noster
509 1110 681 1176 ostenditur
703 1113 865 1188 adunatus,
889 1112 926 1175 ut
940 1111 1203 1193 quemadmodum
1224 1133 1319 1198 graus
1339 1114 1442 1180 multa

313 1210 348 1276 in
368 1230 467 1276 unum
482 1211 611 1279 collecta
625 1217 658 1280 et
672 1215 839 1282 conmolita
853 1215 885 1279 et
899 1214 1058 1280 conmixta
1071 1232 1184 1295 panem
1199 1234 1296 1280 unum
1311 1218 1440 1296 faciunt

314 1312 360 1378 sic
373 1312 407 1377 iu
422 1310 545 1378 Christo
560 1317 613 1399 qui
628 1319 676 1382 est
689 1318 777 1402 panis
793 1317 936 1382 caelestis
958 1337 1055 1401 unum
1077 1317 1212 1382 sciamus
1233 1336 1300 1383 esse
1321 1335 1438 1402 corpus,

315 1415 367 1481 cni
381 1417 565 1482 coniunctus
578 1419 622 1483 sit
635 1424 738 1486 nostor
753 1439 900 1507 uumerus
915 1422 947 1486 et
961 1419 1125 1484 adunatus.
1451 1446 1478 1486 ιο

265 1526 306 1589 14
358 1518 429 1583 Non
443 1518 492 1583 est
507 1537 589 1603 ergo,
605 1521 701 1587 frater
716 1523 885 1600 carissime,
907 1523 988 1606 qnod
1004 1522 1121 1605 aliquis
1136 1522 1294 1589 existimet
1308 1541 1442 1604 sequen·

314 1622 388 1688 dam
413 1639 478 1686 esse
504 1624 697 1704 quorundam
722 1627 984 1705 consuetudinem,
1007 1626 1110 1708 siqui
1130 1626 1164 1690 in
1185 1627 1389 1710 praeteritum
1409 1627 1443 1691 in

313 1724 408 1790 calice
430 1724 585 1792 dominico
605 1746 717 1810 aquam
738 1729 836 1794 solam
856 1728 1044 1794 offerendam
1063 1731 1269 1811 putauerunt:
1294 1747 1442 1812 quaereu-

316 1826 393 1893 dum
415 1831 464 1894 est
484 1830 568 1893 enim
588 1830 649 1912 ipsi
671 1850 762 1912 quem
783 1833 847 1895 sint
867 1833 976 1897 secuti.
1001 1851 1074 1897 nam
1095 1832 1176 1897 siin
1197 1831 1345 1898 sacrificio
1360 1831 1443 1914 quod

197 1979 201 1986 .
319 1927 462 1997 Christus
486 1933 603 2015 optulit
621 1950 681 1997 non
703 1933 764 1997 uisi
787 1932 927 1999 Christus
948 1935 1122 2017 sequendus
1138 1937 1195 2013 est,
1216 1935 1326 2019 utique
1338 1935 1373 1999 id
1386 1953 1477 2002 uosre

316 2037 464 2102 obaudire
480 2036 512 2098 et
526 2033 626 2100 facere
646 2037 767 2117 oportet
782 2035 863 2116 qood
878 2034 1020 2100 Christus
1035 2036 1111 2101 fecit
1127 2037 1159 2100 et
1173 2037 1255 2118 qnod
1266 2036 1444 2103 faciendum

316 2160 382 2208 esse
408 2137 580 2214 mandauit,
608 2137 729 2220 quaudo
752 2137 871 2220 ipsein
892 2138 1054 2223 euangelio
1076 2137 1178 2202 dicat:
1201 2139 1236 2203 si
1259 2138 1446 2204 feceritis

315 2243 420 2328 quod
451 2241 587 2306 maudo
616 2240 747 2317 nobis,
780 2241 856 2304 iam
883 2258 956 2305 non
984 2239 1073 2305 dico
1103 2257 1170 2305 uos
1200 2258 1352 2317 seruos,
1381 2241 1445 2306 sed

316 2347 471 2412 amicos.
494 2348 526 2409 et
547 2344 628 2426 quod
643 2340 784 2408 Christus
805 2342 915 2407 debeat
935 2343 1021 2408 solus
1044 2341 1156 2424 audiri,
1179 2345 1269 2424 pater
1290 2344 1387 2409 etiam
1407 2341 1446 2407 de

315 2449 410 2515 caelis
439 2446 631 2513 contestatur
657 2446 775 2510 dicens:
804 2444 865 2508 hic
895 2445 956 2509 est
982 2443 1102 2510 filius
1131 2463 1236 2509 meus
1258 2445 1472 2510 dilectis-sc

316 2550 529 2634 aimus,'in
560 2566 632 2631 quo
663 2549 759 2614 bene
792 2547 916 2625 senei,
950 2548 1079 2630 ipsum
1109 2548 1259 2613 audite.
1293 2547 1442 2630 quaresi

316 2654 402 2720 solus
417 2652 559 2718 Christus
579 2651 749 2717 audiendus
765 2652 828 2729 est,
853 2669 914 2715 nou
929 2650 1078 2716 debemus
1093 2651 1258 2717 adtendere
1273 2650 1349 2734 quid
1363 2649 1444 2716 aliua

318 2757 391 2821 anto
411 2774 467 2821 nos
482 2753 659 2819 faciendum
673 2772 739 2819 esse
752 2753 927 2837 putauerit,
949 2753 1004 2818 sed
1025 2753 1101 2836 qnid
1120 2754 1174 2835 qni
1189 2757 1261 2819 ante
1276 2771 1382 2820 omnes
1396 2753 1443 2817 est

317 2855 460 2941 Christus
479 2857 565 2940 prior
577 2855 694 2921 fecerit.
715 2856 913 2938 nequeenim
932 2856 1067 2920 hominis
1089 2855 1341 2921 consuetudinem
1356 2855 1443 2937 sequi

316 2961 448 3045 oportet,
475 2959 530 3024 sed
548 2958 607 3024 Dei
631 2959 807 3036 ueritatem,
834 2977 903 3024 cum
927 2977 982 3042 per
1002 2958 1128 3024 Esaiam
1152 2958 1335 3041 prophetam
1359 2958 1477 3023 Densa

316 3062 462 3144 loquatur
486 3063 519 3125 et
544 3061 643 3126 dicat:
672 3061 755 3127 aino
784 3079 896 3125 cauea
926 3062 1055 3126 autem
1084 3061 1219 3126 colunt
1240 3080 1312 3139 me,
1341 3079 1443 3124 mau-

422 3281 629 3346 1710.15,1o
649 3282 689 3336 15.
758 3280 794 3336 20
810 3280 911 3335 Matth.
930 3281 972 3344 17,
989 3281 1015 3335 5.
1084 3281 1119 3334 26
1136 3279 1241 3344 11029,
1259 3281 1301 3334 13.

370 3478 463 3548 leiti]
477 3478 534 3531 sint
546 3477 599 3532 sibi
612 3477 648 3547 S;
661 3478 727 3544 sort.
740 3478 779 3532 sic
790 3477 844 3531 sibi
919 3477 1077 3546 copulantur
1089 3474 1113 3530 S
1184 3475 1202 3529 2
1213 3475 1376 3545 spiritaliter
1389 3474 1413 3530 S

318 3563 368 3634 sic]
382 3563 406 3616 si
418 3563 447 3618 Β
533 3564 610 3617 5001
621 3579 691 3633 aqua
702 3564 759 3618 0010
770 3579 820 3618 om.
833 3562 857 3618 S
935 3565 1079 3632 utrumqne
1091 3577 1160 3631 quas
1172 3561 1200 3617 Β
1286 3563 1303 3617 6
1315 3576 1366 3632 qno
1378 3561 1406 3616 Β
1416 3561 1450 3616 in

317 3665 383 3718 raa,
396 3648 468 3719 qnod
480 3648 542 3720 SQ,·
554 3648 588 3714 cf.
598 3666 627 3718 p.
640 3653 740 3717 7o7,16
849 3649 867 3703 8
878 3650 1032 3704 conmoluta
1045 3647 1095 3703 SP
1204 3649 1237 3702 11
1250 3648 1301 3718 001]
1320 3663 1376 3702 0000
1388 3646 1416 3702 Β

317 3719 425 3790 duffii
434 3735 457 3804 o
551 3721 786 3805 cquemotaams
878 3734 912 3788 13
923 3734 1034 3788 eurem
1045 3733 1207 3787 dominicum
1219 3733 1255 3788 a¹
1350 3733 1385 3787 15
1394 3730 1451 3785 nisa

318 3821 417 3876 christi
429 3823 457 3878 Β
543 3821 577 3874 16
587 3820 657 3875 facit
670 3818 693 3890 Q
705 3820 781 3889 (fecit
793 3819 839 3889 Μ)
922 3820 955 3873 19
968 3819 1042 3874 solus
1053 3818 1149 3873 debeat
1160 3820 1189 3875 Β
1268 3818 1361 3874 andire
1370 3817 1411 3872 Βι

318 3908 355 3962 20
366 3908 438 3963 00010
451 3907 550 3963 LPRc
641 3909 804 3962 contestetur
816 3905 878 3972 ΒΡ,
891 3908 1059 3961 contestatus
1072 3904 1098 3960 Β
1184 3902 1451 3968 dilectussumusS',

319 3992 536 4048 dilectissimcR
689 3991 936 4047 22011000001101
949 3991 1016 4048 Son.
1029 3995 1055 4056 2,
1068 3990 1155 4060 aliqui
1167 3992 1202 4058 P,
1215 3991 1314 4061 aliquis
1327 3989 1362 4053 L,
1375 3988 1451 4043 alind

320 4079 422 4149 aliquis
435 4079 462 4136 Β
547 4078 582 4134 23
593 4078 728 4134 faciendus
740 4079 773 4135 S*
863 4094 921 4134 0000
934 4095 969 4133 aa
980 4081 1037 4133 0010
1049 4077 1074 4132 S
1081 4095 1116 4132 m.
1128 4082 1155 4146 2,
1168 4094 1219 4132 om.
1233 4077 1313 4148 LPQ
1384 4074 1451 4145 oni]

320 4164 448 4235 quiusa
539 4165 592 4236 est]
604 4167 632 4220 01
643 4166 671 4220 L
764 4164 969 4231 2410010008,
981 4164 1119 4219 hominum
1129 4163 1157 4220 Β
1248 4164 1284 4218 25
1295 4161 1420 4217 0001008

319 4251 356 4308 26
366 4251 508 4306 mandatas
522 4250 574 4322 ΟΒ
