3570 4936
665 333 843 404 Epistulae
860 334 984 391 LXIII.
1003 354 1026 393 c.
1043 338 1122 392 4-1.
1390 334 1453 402 ’105

367 493 406 558 11
428 489 642 558 benedictione
669 510 789 574 quoque
811 490 907 556 Iudae
928 491 986 557 hoc
1007 492 1093 558 idem
1115 494 1318 578 significatur,
1347 492 1401 557 ubi
1423 490 1485 560 ece

323 597 394 663 illic
416 593 533 659 Christi
561 594 663 679 figura
689 595 886 680 exprimitur,
916 594 998 676 quod
1025 594 1216 663 afratribus
1243 597 1308 664 suis
1335 593 1456 662 laudari

324 702 358 766 et
381 696 502 763 adorari
524 695 668 778 haberet,
697 697 778 783 quod
806 697 1006 763 inimicorum
1034 697 1125 762 dorsa
1151 701 1326 766 cedentium
1356 700 1456 783 adque

327 800 517 887 fugientium
546 803 689 868 manibus
711 801 825 887 quibus
847 819 969 866 crucem
997 800 1130 884 pertulit
1157 804 1190 866 et
1216 806 1350 869 mortem
1378 800 1457 869 uicit

304 920 546 985 sconpressurus
578 905 690 972 finisset
723 905 864 989 quodque
896 904 963 988 ipse
990 903 1034 967 sit
1063 902 1112 967 leo
1140 904 1178 968 de
1204 904 1290 971 tribu
1317 906 1397 972 Iuda
1424 907 1457 972 et

331 1002 459 1069 recubet
486 1004 643 1072 dormiens
670 1008 704 1073 in
731 1009 873 1091 passione
895 1008 927 1072 et
949 1008 1059 1090 surgat
1082 1008 1115 1071 et
1136 1006 1180 1070 sit
1200 1008 1266 1089 ipse
1288 1027 1358 1090 spes
1380 1029 1457 1094 gen-

330 1107 422 1172 tium.
446 1107 560 1190 quibus
583 1110 736 1193 scriptura
758 1109 865 1176 diuina
886 1109 1032 1194 adiungit
1054 1107 1086 1173 et
1108 1106 1202 1173 dicit:
1231 1109 1389 1176 lauabit
1417 1111 1458 1177 in

328 1208 418 1275 uino
452 1213 595 1278 stolam
627 1233 733 1281 suam
766 1216 805 1281 et
840 1215 879 1280 in
916 1213 1111 1298 sanguine
1145 1231 1242 1278 unae
1274 1215 1459 1280 amictum

325 1333 447 1379 suum.
481 1317 603 1399 quando
625 1320 731 1383 autem
753 1320 880 1404 sanguis
902 1337 982 1384 uuae
1004 1317 1130 1395 dicitur,
1160 1315 1235 1397 quid
1256 1315 1343 1381 adud
1364 1335 1458 1399 quam

293 1443 320 1482 ιο
329 1417 441 1483 uinum
456 1417 563 1485 calicis
578 1419 725 1485 dominici
740 1423 866 1507 sanguis
881 1419 1079 1486 ostenditur?

370 1520 510 1587 Necnon
526 1522 557 1586 et
573 1525 649 1605 aput
663 1524 789 1588 Esaiam
808 1524 866 1589 hoc
886 1523 972 1588 idem
993 1520 1123 1604 spiritus
1139 1523 1264 1586 sauctus
1279 1521 1317 1585 de
1332 1521 1486 1589 Domini?

325 1624 467 1706 passione
495 1626 631 1690 testatur
660 1625 780 1691 dicens:
818 1643 936 1708 quare
968 1623 1186 1689 rubicunda
1218 1624 1308 1688 sunt
1340 1624 1458 1689 nesti·

330 1730 461 1793 menta
488 1728 570 1806 tua,
599 1731 636 1793 ct
658 1729 885 1794 indumenta
905 1730 977 1793 tua
998 1727 1113 1793 uelut
1134 1726 1355 1792 calcatione
1381 1729 1459 1793 tor·

327 1829 480 1895 cularis
507 1829 613 1913 pleni
641 1832 678 1895 et
703 1831 943 1914 percalcati?
977 1830 1131 1912 numquid
1159 1830 1329 1895 rubicunda
1360 1830 1460 1895 nosti·

293 1933 436 2000 ramenta
457 1952 537 2015 aqua
555 1935 659 2017 potest
678 1933 777 2000 facere
793 1935 895 2000 autin
909 1933 1058 2001 torculari
1074 1952 1154 2016 aqua
1169 1934 1217 1999 ost
1231 1952 1309 2016 quae
1330 1933 1460 2018 pedibus

329 2036 469 2101 calcatur
483 2037 535 2101 uel
549 2037 653 2121 praelo
667 2038 874 2122 exprimitur?
895 2039 962 2103 uini
977 2039 1085 2121 utique
1106 2039 1224 2104 mentio
1239 2036 1308 2104 ideo
1321 2038 1458 2121 ponitur,

328 2141 365 2203 ut
380 2139 507 2205 Domini
528 2141 655 2224 sangnis
676 2141 750 2207 uino
771 2141 974 2226 intellegatur
996 2145 1028 2207 et
1049 2142 1132 2224 quod
1146 2141 1179 2206 in
1194 2141 1289 2206 calice
1304 2140 1459 2205 dominico

333 2243 441 2325 postea
455 2243 691 2307 manifestatum
707 2247 755 2309 est
769 2245 929 2328 prophetis
944 2243 1203 2309 adnuntiantibus
1218 2243 1459 2326 praedicaretur.

332 2344 498 2410 torcularis
518 2365 638 2428 quoqne
653 2346 782 2412 calcatio
798 2347 830 2412 et
843 2365 987 2429 pressura
1002 2347 1144 2410 taxatur:
1166 2345 1237 2427 quia
1252 2344 1405 2426 quomodo
1420 2343 1461 2408 ad

294 2447 501 2528 sopotandum
523 2449 632 2513 uinum
655 2450 752 2514 ueniri
772 2466 833 2513 non
852 2450 955 2532 potest
969 2448 1030 2513 nisi
1044 2447 1174 2512 botruus
1192 2447 1330 2512 calcetur
1344 2448 1415 2510 ante
1429 2446 1462 2510 et

330 2552 501 2632 prematur,
524 2551 569 2615 sic
591 2570 647 2616 nec
667 2568 722 2616 nos
744 2552 925 2636 sanguinem
941 2549 1059 2615 Christi
1081 2568 1241 2632 possemus
1262 2548 1377 2626 bibere,
1400 2546 1461 2612 nisi

435 2853 450 2904 7
471 2853 537 2907 Gen.
554 2853 598 2916 49,
617 2855 657 2907 11.
728 2854 763 2907 12
780 2853 822 2908 Ee.
840 2853 883 2916 63,
899 2854 924 2907 2.

383 3126 398 3177 1
412 3123 613 3195 significabitur
625 3123 653 3178 R
772 3124 964 3194 terpremitnr
980 3123 1003 3179 0
1134 3124 1191 3177 3et
1203 3123 1309 3179 adorari
1321 3139 1372 3178 orn.
1391 3124 1421 3190 V,
1434 3126 1463 3179 et

331 3210 491 3265 adhonorari
505 3211 540 3265 8²
692 3211 761 3280 quod
772 3214 801 3265 et
813 3212 841 3266 P
997 3210 1165 3265 corennum
1179 3210 1207 3276 8,
1225 3209 1391 3265 caedentium
1406 3209 1430 3281 Q

331 3298 349 3351 6
362 3297 491 3351 recubans
506 3297 530 3368 Q
667 3300 790 3366 resurgat
804 3297 827 3368 Q
970 3296 986 3349 7
999 3296 1124 3350 adiunxit
1139 3295 1162 3364 Q
1299 3295 1369 3349 dlxit
1381 3295 1430 3365 SQ

332 3383 439 3437 leuauit
451 3382 489 3437 Μ
498 3382 616 3450 (11111111
629 3382 662 3453 Q)
812 3381 846 3437 10
857 3382 998 3452 sauguinis
1012 3382 1109 3453 QRVv
1256 3383 1287 3434 11
1301 3385 1329 3434 et
1341 3397 1392 3434 om.
1406 3380 1430 3451 Q

333 3469 423 3522 eseian
437 3468 466 3531 8,
484 3469 581 3522 eseiam
596 3468 627 3539 Q,
645 3468 741 3522 isaiam
752 3468 780 3523 R
797 3469 821 3522 is
838 3470 871 3522 ies
882 3484 938 3522 ras.
1095 3467 1129 3521 13
1141 3482 1158 3520 a
1169 3468 1316 3522 calcatione
1330 3466 1430 3524 LORu

334 3554 367 3608 14
379 3556 408 3607 ct
420 3553 495 3622 pleni
507 3547 576 3608 etP
686 3553 910 3609 111111111111111118ι
1028 3555 1062 3608 15
1074 3569 1157 3621 aquas
1174 3553 1197 3608 0
1303 3553 1332 3605 in
1344 3568 1395 3607 om.
1409 3553 1433 3610 8

332 3624 417 3709 aquae
431 3639 454 3694 8
581 3640 791 3711 111111Ῑ1111118
922 3638 955 3694 16
968 3639 1105 3693 calcantur
1117 3638 1141 3693 S
1267 3639 1321 3709 uel]
1335 3641 1363 3692 et
1374 3639 1431 3694 ΒΡ

333 3725 427 3795 praelo
438 3741 488 3780 unu
503 3726 531 3780 P
668 3725 728 3780 ideo
744 3726 878 3797 OQRSV,
895 3728 938 3780 est
949 3728 977 3779 ct
988 3725 1048 3780 ideo
1059 3725 1115 3779 LP
1251 3726 1392 3794 exponitur
1407 3724 1431 3796 Q

333 3811 366 3866 1’1
380 3812 443 3867 uino
455 3827 505 3866 om.
519 3830 537 3867 c
628 3813 758 3868 11111111
850 3812 884 3866 18
895 3810 1120 3881 11111111111111118
1206 3809 1402 3879 praediceretur
1414 3828 1431 3866 u

334 3898 370 3952 19
382 3896 427 3968 ad]
440 3898 554 3952 calcatio
567 3896 601 3951 ad
613 3897 652 3951 L¹
759 3898 795 3952 20
805 3898 954 3969 putandum
967 3897 997 3961 8,
1010 3895 1158 3967 optandum
1173 3894 1198 3966 Q
1299 3897 1392 3951 uenire
1407 3896 1432 3968 Q

331 3984 446 4039 botruus
458 3983 515 4047 SL,
537 3983 649 4038 nocuus
665 3982 688 4053 Q
704 3985 729 4054 (r
747 3989 838 4053 ersa),
858 3984 966 4039 bactrus
978 3983 1016 4037 M
1031 3985 1057 4050 (r
1074 3985 1165 4052 cras),
1185 3981 1279 4036 botrus
1301 3981 1396 4040 OPRo

332 4069 449 4125 calcetur
467 4086 536 4124 corr.
550 4070 583 4123 s'n
600 4069 671 4123 calce
687 4069 800 4124 feriatur
812 4072 915 4126 Pas?
1051 4067 1267 4138 elanguida?
1404 4085 1464 4140 pos-

333 4156 418 4210 simus
436 4155 467 4226 Q,
478 4171 620 4226 possumus
632 4156 659 4208 P
761 4156 867 4211 ebibere
885 4155 944 4225 QR.
957 4159 985 4211 et
997 4155 1127 4210 bibereO

436 4261 489 4310 111.
1215 4243 1259 4310 45
