3570 4936
602 376 780 446 Epistulae
797 376 926 432 LXVII.
946 395 968 434 e.
989 381 1063 435 1-3.
1333 381 1394 447 737

263 539 389 602 torem
412 553 485 599 non
507 535 635 613 audit,
664 533 729 599 sed
752 532 817 615 qui
840 532 958 597 Deum
988 536 1159 601 coluerit
1188 541 1227 602 et
1257 537 1394 603 uolun-

264 640 389 704 tatem
423 636 506 703 eius
535 638 698 716 fecerit,
732 636 852 700 illum
887 635 1009 701 audit.
1043 642 1168 723 propter
1198 643 1280 724 quod
1301 643 1394 725 plena

266 740 432 825 diligentia
458 743 490 805 et
514 742 722 825 exploratione
749 741 869 806 sincera
896 755 947 803 eos
973 741 1095 822 oportet
1121 746 1160 809 ad
1186 746 1394 811 sacerdotium

267 845 327 909 Dei
342 844 440 927 deligi
456 862 531 926 quos
547 866 565 912 a
580 848 644 912 Deo
660 845 779 911 constet
793 842 906 909 audiri.

165 1020 169 1026 .
244 974 256 1012 s
309 947 375 1013 Nec
391 947 452 1012 sibi
466 951 554 1030 plebs
569 951 748 1016 blandiatur
762 948 852 1032 quasi
867 947 1007 1013 inmunis
1021 963 1087 1011 esse
1102 967 1121 1013 a
1136 951 1277 1033 contagio
1289 950 1425 1018 deuotis

266 1052 368 1135 possit
383 1069 456 1117 cum
470 1054 626 1120 sacerdote
641 1055 800 1138 peccatore
816 1050 1049 1118 communicans
1064 1050 1095 1114 et
1111 1049 1150 1114 ad
1164 1051 1317 1117 iniustum
1339 1053 1395 1117 ad-

267 1172 329 1235 que
343 1154 503 1220 inlicitum
517 1159 684 1242 praepositi
699 1159 748 1223 sui
764 1158 979 1241 episcopatum
993 1171 1176 1219 consensum
1196 1171 1287 1219 snum
1307 1173 1392 1219 com-

264 1257 405 1338 modans,
427 1261 547 1342 quando
562 1280 617 1343 per
631 1261 707 1326 Osee
729 1261 913 1344 prophetam
935 1256 1142 1323 comminetur
1161 1258 1194 1320 et
1213 1255 1297 1320 dicat
1321 1277 1392 1323 cen·

271 1379 344 1426 sura
359 1362 482 1428 diuina:
505 1364 713 1430 sacrificia
735 1383 868 1431 eornm
890 1365 1089 1444 tamquam
1111 1358 1224 1442 panis
1246 1358 1392 1438 luctus,

234 1481 398 1530 roomnes
420 1467 486 1548 qui
514 1466 758 1533 manducant
785 1487 827 1532 ea
855 1462 1253 1538 contaminabuntur,
1282 1462 1395 1526 docens

267 1568 390 1650 scilicet
405 1571 437 1635 et
453 1559 615 1635 ostendens
631 1589 736 1635 omnes
752 1569 877 1634 omnino
892 1568 933 1632 ad
947 1569 1110 1652 peccatum
1131 1564 1303 1648 constringi
1325 1564 1396 1646 qui-

267 1690 327 1753 que
349 1671 468 1736 fuerint
489 1672 611 1754 profani
633 1675 665 1736 et
686 1672 797 1738 iniusti
821 1671 991 1737 sacerdotis
1012 1669 1162 1735 sacrificio
1185 1668 1395 1733 contaminati.

267 1774 350 1856 quod
376 1775 454 1838 item
476 1775 509 1839 in
529 1774 676 1839 Numeris
696 1774 893 1839 manifestari
917 1774 1104 1850 inuenimus‚
1131 1771 1251 1854 quando
1272 1769 1347 1835 Oore
1367 1773 1400 1835 et

268 1877 395 1941 Dathan
425 1882 457 1940 et
483 1876 600 1941 Abiron
630 1879 736 1943 eontra
763 1878 869 1943 Aaron
899 1877 1089 1943 sacerdotem
1118 1876 1310 1941 sacrificandi
1338 1877 1400 1941 sibi

236 1979 432 2043 ralicentiam
454 1980 699 2045 uindicauerunt.
720 1981 789 2046 illic
809 1998 930 2064 quoque
950 2000 1005 2062 per
1024 1980 1151 2063 Moysen
1170 1979 1321 2062 praecipit
1334 1978 1399 2045 Do·

268 2082 374 2146 minus
401 2084 438 2146 ut
464 2082 503 2147 ab
529 2084 573 2148 eis
598 2083 731 2167 populus
761 2087 930 2166 separetur,
959 2103 998 2149 ne
1020 2082 1197 2149 facinerosis
1219 2084 1401 2149 coniunctus

266 2187 374 2251 eodem
404 2184 541 2252 facinore
571 2189 603 2252 et
631 2188 696 2269 ipse
725 2188 963 2272 perstringatur.
1002 2186 1256 2268 separemini,
1287 2187 1399 2270 inquit,

267 2288 574 2355 atabernaculis
601 2290 801 2355 hominum
829 2290 1073 2354 iniustorum
1099 2289 1399 2355 durissimorum

267 2396 307 2459 et
342 2393 470 2458 nolite
508 2395 670 2478 tangere
707 2393 752 2458 ab
790 2390 970 2458 omnibus
1007 2411 1102 2474 quae
1138 2393 1229 2456 sont
1265 2393 1322 2456 eis
1354 2411 1399 2457 ne

232 2495 389 2562 sosimul
422 2497 594 2578 pereatis
624 2496 661 2561 in
689 2498 850 2577 peccato
880 2514 1017 2560 eorum.
1051 2493 1283 2577 propterquod
1311 2494 1399 2576 plebs

268 2597 440 2679 obsequens
462 2599 634 2679 praeceptis
656 2598 821 2663 dominicis
843 2599 876 2661 et
897 2597 999 2661 Deum
1021 2600 1163 2661 metuens
1190 2615 1209 2660 a
1238 2599 1399 2678 peccatore

266 2699 444 2783 praeposito
459 2716 600 2780 separare
615 2718 648 2764 se
663 2700 767 2780 debet,
783 2717 839 2763 nec
854 2717 888 2762 se
903 2700 943 2764 ad
959 2697 1104 2781 sacrilegi
1119 2696 1287 2764 sacerdotis
1303 2699 1399 2763 sacri-

246 2956 248 2961 “
371 2952 389 3006 9
407 2952 452 3008 Os.
471 2953 497 3017 9,
514 2953 539 3006 4.
609 2953 641 3006 17
660 2952 740 3007 Num.
760 2953 802 3019 16,
821 2953 864 3008 26.

319 3174 405 3243 lqui]
419 3174 503 3244 siqui
519 3171 549 3243 Q,
562 3174 586 3227 ei
599 3174 688 3242 quiae
825 3176 883 3230 Bet
895 3190 945 3229 om.
959 3175 1014 3229 LP
1141 3177 1247 3245 oportet
1258 3191 1303 3228 eos
1313 3192 1338 3239 v,
1352 3191 1401 3228 noa

267 3261 374 3330 oportet
389 3259 441 3316 GR
564 3260 701 3314 sacerdote
717 3261 752 3317 θ’
881 3260 998 3330 4delegi
1015 3258 1141 3330 Quiligi
1155 3260 1201 3330 M)
1323 3261 1400 3330 quoa]

267 3344 339 3414 quod
352 3345 379 3399 L
472 3347 490 3399 5
502 3361 559 3400 esse
570 3362 587 3399 a
599 3362 633 3400 ca
644 3362 705 3400 esca
721 3347 745 3404 0
830 3348 990 3416 contagione
1008 3347 1057 3403 OB
1148 3347 1316 3415 6peccatoru
1332 3346 1365 3402 0¹

267 3431 438 3485 conmunicet
453 3431 488 3487 0²
598 3434 626 3485 et
638 3448 688 3486 ono.
706 3432 757 3489 GR
870 3433 1000 3488 lillicito
1016 3432 1050 3489 0²
1156 3431 1312 3502 praepositi]
1324 3447 1401 3501 prac-

267 3516 361 3586 pontis
377 3516 401 3571 G
526 3517 680 3587 episcopatu
697 3517 731 3574 0¹
860 3519 1049 3574 commodando
1066 3519 1099 3574 0²
1225 3518 1300 3573 deae
1315 3517 1367 3587 ΟΒ

267 3590 443 3657 conmonetur
459 3600 520 3672 c'Q
658 3603 690 3656 11
703 3619 795 3658 omnes
807 3603 930 3658 homines
943 3620 977 3658 σω
988 3591 1031 3658 oni
1043 3605 1157 3660 homoO
1292 3604 1402 3674 quique]

270 3689 319 3758 qni
330 3706 348 3742 o
470 3688 504 3742 12
515 3688 663 3743 sacerdotes
675 3688 757 3760 LPQ
876 3691 910 3744 13
921 3689 1002 3744 chore
1017 3689 1056 3746 Oc
1174 3692 1208 3744 14
1218 3690 1301 3744 datan
1317 3689 1368 3759 QR

268 3772 365 3828 abiran
382 3773 406 3829 0
560 3774 594 3828 15
605 3790 695 3829 moaen
707 3775 744 3836 R.
756 3792 902 3844 moysemo
1051 3775 1187 3845 praecepit
1202 3775 1305 3846 GPQR
1317 3783 1402 3846 (prae-

269 3860 338 3930 cipit
350 3861 397 3927 M)
526 3860 560 3914 16
572 3864 741 3929 separaretur
757 3860 835 3932 cQR
962 3861 1126 3916 facinorosus
1140 3862 1171 3932 Q,
1184 3861 1368 3915 facinorosisc

271 3946 304 4000 ll
317 3945 527 4016 perstringatur]
539 3946 684 4000 moriretur
700 3948 730 4012 0,
742 3950 890 4001 moreretur
902 3947 931 4002 R
1011 3947 1045 4002 18
1057 3963 1074 3999 a
1084 3946 1255 4001 tabernaculo
1267 3963 1302 4001 ca
1313 3947 1402 4001 tabor·

270 4032 397 4087 naculum
415 4031 437 4087 O
540 4031 656 4086 hominia
673 4032 715 4097 0¹,
727 4033 823 4088 horum
836 4033 1004 4088 hominumo
1105 4033 1276 4103 iniustorum]
1289 4034 1405 4109 istorum

273 4118 323 4175 OB
412 4119 445 4173 19
458 4118 493 4172 ab
505 4133 528 4173 o.
542 4133 568 4186 q.
580 4134 601 4172 a
615 4119 664 4188 eia]
677 4134 789 4188 eaquae
801 4119 835 4175 ad
848 4135 893 4174 eoa
906 4119 1074 4188 pertinento
1161 4118 1196 4173 21
1208 4119 1344 4189 praecepit
1354 4119 1402 4173 Μ·

269 4205 430 4276 (praeceptis
442 4204 528 4276 11²0)
636 4187 700 4259 dnm
718 4206 768 4262 ΟΒ
870 4221 979 4260 ammo
1087 4205 1180 4260 22ncc
1191 4205 1403 4276 selneceeaceae

268 4308 317 4347 nec
329 4308 387 4346 esee
404 4293 428 4348 G

371 4399 424 4446 m.
1154 4379 1196 4445 47
