3570 4936
572 313 730 384 Epistula
747 314 969 374 xva-xm

478 569 847 683 EPISTVLA
880 573 1064 687 XVII.

279 792 483 854 craumers
499 790 699 850 nmmmvs
717 789 759 846 m
775 790 891 848 runnu
909 749 1212 858 cofrsmrnurmrs
1229 803 1256 858 s.

246 1021 460 1106 Ingemescere
486 1037 542 1086 uos
566 1020 598 1087 et
620 1017 721 1083 dolere
742 1017 848 1084 ruinas
869 1018 1003 1084 fratrum
1025 1021 1202 1088 nostrorum
1225 1045 1261 1091 ex
1282 1034 1361 1096 mel

203 1123 278 1205 scio,
306 1123 417 1190 fratres
445 1122 608 1202 carissimi,
637 1120 691 1205 qui
713 1120 831 1204 etipse
859 1120 1022 1188 uobiscum
1049 1139 1105 1207 pro
1127 1125 1261 1209 singulis
1283 1128 1334 1194 in.

183 1245 345 1315 agemosco
366 1227 483 1311 pariter
504 1229 536 1294 et
558 1226 646 1293 doleo
666 1227 699 1291 et
721 1226 822 1309 patior
844 1244 880 1292 ao
902 1225 1001 1291 sentio
1023 1226 1105 1309 quod
1127 1225 1237 1293 beatus
1259 1248 1335 1315 apo-

202 1331 302 1398 stolus
323 1331 418 1398 dicit:
445 1331 531 1415 quis
552 1328 796 1410 infirmatur,
824 1329 938 1414 inquit,
967 1331 1007 1394 et
1029 1346 1098 1413 ego
1120 1348 1195 1403 non
1216 1331 1333 1398 infir·

201 1435 304 1502 mor?
327 1435 414 1519 quis
435 1432 750 1511 scandalizatur,
777 1433 816 1498 et
836 1450 909 1498 non
931 1449 1000 1518 ego
1022 1435 1134 1499 uror?
1164 1433 1334 1500 etiterum

200 1531 576 1622 posuitinepi'stulasna
596 1534 713 1600 dicens:
736 1535 769 1600 si
789 1535 945 1618 patitur
966 1535 1180 1602 membrum
1201 1555 1332 1617 unum,

189 1640 481 1725 'conpatiuntur
502 1637 540 1704 ot
561 1639 689 1705 cetera
708 1638 890 1705 membra:
913 1641 950 1705 et
971 1639 1004 1703 si
1023 1639 1200 1705 laetatur
1221 1658 1333 1706 mernb

167 1744 314 1812 mbrum
344 1761 473 1822 unum,
505 1730 790 1809 conlectantur
811 1744 941 1808 cetera
963 1741 1142 1808 membra.
1174 1743 1333 1826 conpatior

202 1865 269 1935 ego,
301 1846 447 1913 condoleo
474 1844 625 1912 fratribus
651 1844 776 1926 nostris,
805 1844 859 1928 qui
882 1844 962 1929 lapsi
985 1846 1017 1911 et
1036 1845 1261 1929 persecutionis
1281 1847 1332 1912 in·

201 1948 366 2017 feriatione
387 1948 537 2035 prostrati
558 1949 681 2033 partem
701 1949 879 2015 nostorum
901 1948 1057 2015 uiscerum
1079 1967 1184 2015 secum
1205 1948 1333 2015 trahen-

201 2055 251 2120 tes
279 2072 388 2138 parom
418 2052 555 2119 dolorem
583 2053 672 2120 nobis
703 2052 768 2118 suis
795 2051 977 2119 uulneribus
999 2052 1189 2119 intulerrmt:
1219 2053 1332 2136 quibus

201 2156 311 2240 potens
339 2157 387 2223 est
415 2154 524 2222 diuina
551 2156 765 2221 misericordia
793 2154 960 2222 medellam
988 2157 1071 2222 dare.
1104 2155 1332 2240 properandum

168 2260 308 2326 acumen
336 2277 396 2325 non
424 2259 500 2341 puto
526 2277 584 2325 neo
604 2259 729 2325 incaute
751 2258 871 2343 aliquid
894 2262 926 2324 et
947 2257 1130 2324 festinanter
1150 2259 1331 2343 gerendum,

202 2382 242 2428 ne
271 2362 347 2428 dnm
376 2362 494 2429 temere
522 2381 582 2447 pax
610 2364 779 2445 usurpatur
808 2363 932 2428 diuinae
960 2363 1183 2448 indignationis
1218 2363 1335 2429 offensa

204 2465 333 2551 grauius
355 2464 547 2550 prouocatur.
571 2464 710 2531 fecerunt
731 2466 771 2530 ad
793 2482 848 2531 nos
870 2465 909 2529 de
931 2464 1118 2548 quibusdam
1140 2458 1225 2530 be'ati
1247 2483 1332 2530 mar·

202 2567 288 2652 tyros
308 2567 431 2632 littores
452 2567 594 2652 petentes
616 2566 785 2633 examinari
806 2565 959 2632 desideria
978 2584 1044 2632 sua.
1067 2585 1140 2633 cum
1154 2585 1230 2650 pace
1244 2566 1334 2632 nobis

304 2801 371 2858 611
387 2800 449 2860 Cor.
468 2802 511 2868 11,
528 2801 571 2857 29.
624 2802 749 2859 81001.
768 2804 810 2869 12,
827 2802 869 2860 26.

254 3024 343 3095 Epist.
355 3023 443 3079 xm
457 3055 491 3065 -
503 3023 607 3094 Incipit
628 3022 662 3079 ad
682 3024 788 3094 plebem
809 3024 882 3080 facta
903 3023 1060 3095 significans
1081 3025 1146 3094 quid
1167 3026 1226 3096 (qui
1246 3026 1280 3098 Q)
1300 3025 1336 3082 ed

205 3126 267 3166 eum
290 3111 421 3180 mapa
441 3110 587 3180 (mmm
610 3108 645 3180 p)
664 3108 697 3164 oo
716 3109 801 3181 upra
822 3110 953 3179 paeane
973 3097 1116 3181 perun
1140 3112 1279 3183 ponerent
1301 3113 1336 3184 ρ)

205 3194 310 3267 ETQo,
329 3195 372 3251 Ad
383 3194 489 3267 plebem
500 3197 532 3250 ut
543 3210 596 3251 non
613 3194 694 3250 facile
711 3195 810 3265 eliquia
827 3196 1005 3251 communicet
1018 3196 1100 3252 exeis
1112 3198 1160 3266 qni
1171 3197 1260 3253 curati
1271 3200 1337 3254 sunt

203 3281 260 3338 niai
267 3265 332 3354 piat
341 3281 482 3352 legiptime
491 3280 577 3352 egerit
584 3303 619 3355 μ,
630 3296 681 3337 om.
691 3301 720 3335 ω.
730 3282 790 3337 -3
801 3282 975 3353 ingemiscere
984 3282 1056 3354 Epr',
1068 3282 1252 3340 intremiscere
1263 3285 1301 3356 μ’

204 3367 295 3423 dolore
309 3370 336 3423 Τ
419 3383 451 3422 er
461 3383 504 3423 me
515 3367 580 3438 acio]
592 3383 728 3423 mercorio
812 3368 940 3425 tfratres
953 3407 960 3420 .
971 3407 995 3421 ..
1009 3369 1160 3441 ingemesco
1172 3385 1223 3425 oea
1235 3369 1302 3426 Eoo

204 3453 333 3509 brentior
339 3475 363 3526 μ
416 3454 553 3524 apostolus
563 3454 657 3510 beatos
669 3455 704 3511 T¹
756 3455 902 3527 bdixitpro
953 3455 1105 3526 inquitora
1115 3475 1136 3510 o
1189 3455 1263 3526 'iqui
1274 3456 1306 3512 Ε

207 3555 256 3612 ego
272 3555 326 3596 non
342 3556 401 3613 prop
487 3540 504 3596 8
521 3541 674 3612 conpatitur
686 3560 708 3595 ω
792 3558 876 3597 unum
893 3541 1042 3597 membrum
1056 3544 1097 3599 To
1182 3543 1200 3597 9
1217 3542 1338 3598 membra

206 3641 292 3699 conpr
380 3626 416 3682 10
431 3643 515 3682 unum
532 3627 681 3683 membrum
693 3642 710 3683 o
795 3631 823 3683 et
834 3628 1022 3684 conlectantur
1034 3628 1096 3700 EQ.
1117 3631 1146 3683 et
1157 3629 1337 3701 collaetentur

207 3715 236 3768 ot
247 3727 272 3778 ο,
288 3713 469 3768 collaetmtor
480 3716 509 3768 et
519 3731 582 3786 μων
677 3715 709 3770 11
722 3729 771 3786 ego
786 3715 841 3787 Τμ,
858 3730 922 3785 ergo
934 3712 1027 3785 EQoo
1112 3714 1252 3770 condoleor
1265 3716 1295 3781 Τ,
1309 3717 1338 3770 et

207 3784 332 3855 condoleo
343 3800 450 3870 Εομωυ
515 3799 547 3854 (le
560 3799 692 3856 fratribus
702 3818 744 3873 μυ
800 3801 886 3871 lapsis
900 3799 932 3873 Q,
945 3815 995 3855 ora
1008 3821 1031 3871 μ
1095 3800 1130 3854 12
1141 3799 1269 3872 perstanti
1282 3821 1303 3855 ω

207 3884 243 3940 1s
259 3886 363 3957 parem]
380 3902 435 3941 rem
447 3885 487 3941 11ἾΙ
495 3885 525 3957 Q,
548 3902 636 3943 acrem
647 3886 705 3943 E’o
805 3887 840 3941 14
856 3902 995 3959 properam
1012 3886 1076 3942 dum
1091 3885 1148 3958 ΤΟ,
1169 3902 1339 3957 properamus

209 3973 361 4038 nummo,
380 3973 445 4029 dnm
456 3972 505 4039 ΕΡ,
524 3989 604 4030 om.o
702 3973 813 4043 lbpnto
831 3974 863 4030 ie
880 3977 972 4044 putem
989 3988 1062 4030 corr.
1077 3971 1178 4045 ΟΜ
1194 3974 1270 4043 (puto
1282 3974 1337 4045 Μ),

208 4063 275 4130 pute
292 4079 322 4126 ω,
343 4062 408 4132 pute
420 4059 474 4126 ΕΙ,
492 4061 589 4131 putent
607 4075 718 4131 propere
730 4059 788 4130 E¹,·
809 4062 906 4131 putent
924 4075 1033 4130 propere
1054 4062 1173 4115 umero
1270 4062 1299 4115 et
1311 4059 1343 4116 E
1365 4098 1367 4102 -

206 4161 228 4202 c.
240 4146 258 4201 1.
270 4162 305 4201 aa
317 4149 347 4213 2,
358 4161 408 4201 ora
422 4165 443 4199 ω
512 4146 546 4202 16
558 4163 591 4202 ne
602 4146 666 4202 dum
677 4162 730 4203 om.
741 4146 784 4214 M,
801 4146 858 4202 nesi
869 4145 934 4203 dum
948 4145 1102 4218 Qeodnesi
1113 4161 1135 4201 s.
1147 4146 1164 4201 l.
1177 4163 1213 4202 es.
1224 4148 1253 4213 2,
1266 4161 1299 4201 ne
1312 4145 1339 4201 si

210 4230 277 4287 Fon
345 4235 488 4304 usurpetur
500 4230 592 4303 EQoo
661 4234 695 4289 18
705 4233 885 4290 nobiscumT
