3570 4936
330 304 396 369 478
730 295 875 354 Caecilii
891 301 1053 372 Cypriani

329 457 508 545 dignatione
521 452 621 519 noehi
635 455 783 521 sermonis
796 456 998 526 firmanimus
1023 460 1051 527 si
1066 461 1172 526 autem
1186 462 1313 544 quidem
1328 462 1365 527 de
1379 479 1450 547 per-

328 560 427 626 uenais
447 559 659 639 obtemperare
676 558 841 641 noluerint,
863 563 1030 630 secundum
1052 565 1184 630 eundem
1203 567 1385 651 apostolum¹
1399 565 1449 630 di·

328 663 465 729 centem:
487 661 521 726 si
550 659 783 730 hominihus
808 665 1013 749 placorem,
1041 666 1192 734 Ohristi
1219 688 1356 736 seruus
1376 687 1450 736 nou

326 781 462 843 essem,
491 763 719 848 siquibusdam
738 769 864 836 madere
876 788 939 837 non
951 789 1114 855 possumus
1128 773 1166 836 ut
1179 789 1231 838 eos
1245 771 1367 840 Ohnisto
1381 774 1449 858 ple·

325 866 568 949 omeieciamus,
582 887 637 936 nos
652 872 733 938 certe
747 873 983 956 qnodnoetrnm
998 878 1045 941 est
1059 873 1325 942 OhdstoDomino
1339 877 1470 944 etDeo⁸
1537 919 1540 929 ·

323 971 430 1038 nostro
450 975 612 1056 praecepta
637 975 703 1041 eine
727 980 882 1044 seruantes
902 979 1088 1063 placeamus
1118 980 1190 1062 opto
1207 979 1248 1058 te,
1281 981 1377 1046 frater
1397 999 1449 1045 ca·

324 1072 449 1140 rissime
463 1094 499 1141 ac
513 1075 805 1160 desidomntiseime,
828 1081 861 1147 iu
875 1083 1008 1148 Domino
1021 1101 1142 1167 semper
1155 1082 1233 1147 hene
1244 1081 1357 1148 ualere.

649 1419 1026 1535 nelsnvnn
1073 1425 1127 1535 v.
1190 1378 1194 1382 ’

323 1653 526 1730 οιΡιιιιιιιε
549 1653 787 1713 cummanum
813 1658 1093 1800 fflmoonmvs
1114 1641 1314 1715 muamus
1331 1659 1483 1784 olenus⁰

928 1746 956 1801 g,
1456 1747 1468 1786 i

295 1933 309 1998 p
365 1912 473 1981 Saluto
488 1933 543 1981 uos
558 1914 720 1982 incolumis
734 1936 789 2001 per
802 1918 861 1983 Dei
875 1920 1018 2002 gratiam,
1041 1917 1153 1983 iratres
1168 1918 1331 1997 carissimi,
1346 1919 1447 1984 laetus

325 2018 510 2101 quodcirca
532 2019 779 2086 incolumitatem
800 2038 919 2103 quoque
945 2025 1081 2087 uestram
1107 2021 1212 2086 omnia
1236 2022 1357 2106 integna
1383 2039 1448 2087 esse

322 2123 526 2206 cognouerim.
556 2122 589 2187 et
609 2123 752 2205 quoniam
766 2123 845 2187 mihi
866 2124 1015 2189 interesse
1035 2143 1116 2189 nuuc
1136 2143 1198 2189 non
1212 2125 1368 2207 permittit
1389 2123 1448 2189 loci

323 2224 470 2304 condicio,
492 2226 564 2312 peto
579 2243 634 2292 uos
656 2242 712 2309 pro
726 2224 786 2290 fide
800 2226 833 2290 et
854 2224 1000 2310 religione
1014 2227 1119 2290 uestra
1139 2225 1315 2310 fungamini
1329 2227 1396 2292 illic
1417 2227 1449 2289 et

323 2328 435 2406 uestris
448 2327 591 2413 pertibus
604 2331 637 2394 et
651 2328 737 2406 meis,
760 2330 796 2393 ut
815 2326 896 2392 nihil
909 2327 961 2392 uel
974 2327 1015 2392 ad
1035 2326 1231 2408 disciplinam
1251 2328 1303 2393 uel
1317 2329 1357 2393 ed
1371 2328 1445 2392 dili-
1454 2342 1480 2382 υ

322 2430 460 2516 gentiam
475 2431 565 2497 desit.
596 2432 746 2514 quantum
767 2430 807 2497 ad
829 2433 972 2514 sumptus
991 2431 1209 2515 suggerendos,
1232 2431 1298 2495 siue
1311 2431 1377 2496 illie
1391 2415 1445 2513 qui

323 2532 457 2617 gloriosa
466 2552 541 2599 uoce
552 2534 720 2600 Dominum
732 2534 861 2600 confessi
872 2534 905 2599 in
916 2552 1035 2600 carcere
1045 2534 1119 2598 sunt
1129 2533 1300 2612 constituti,
1316 2535 1382 2599 siue
1396 2533 1445 2598 his

421 2753 607 2818 eostam.

372 2924 563 2995 ldignatione
586 2922 678 2979 nostri
689 2923 817 2978 sermonis
839 2923 916 2992 Ν,
939 2924 1041 2993 pariter
1063 2923 1221 2994 dignatione
1245 2923 1391 2996 (dignitate
1408 2923 1445 2993 L)

319 3011 406 3066 nostri
423 3009 553 3066 aemonio
567 3009 656 3080 ΒΕΘ,
674 3011 775 3079 pariter
791 3012 820 3064 et
836 3008 998 3079 dignitatem
1016 3010 1213 3081 (dignationem
1224 3011 1263 3080 R)
1281 3015 1372 3066 nostro
1389 3027 1445 3065 ser·

318 3111 395 3152 mone
406 3095 452 3153 Ro
494 3095 660 3151 ssrmanimua
672 3096 735 3165 ΕΒ,
753 3095 925 3151 formauimue
937 3095 1076 3167 BFQWo
1118 3097 1228 3166 quidam
1240 3113 1289 3152 ona
1302 3098 1331 3155 Β
1375 3097 1445 3151 ise·

322 3183 446 3255 cundum]
459 3197 600 3254 sequamur
608 3185 654 3240 Bo
688 3183 857 3240 eundemoaa
868 3183 933 3237 Ν
968 3185 1059 3240 diocnt
1073 3184 1113 3240 W
1153 3184 1378 3239 dseruuechristi
1391 3184 1429 3238 W

319 3252 612 3341 officiante
631 3253 838 3343 fflffleei
859 3253 1071 3341 fiennon
1116 3269 1336 3326 emmonem
1382 3270 1444 3338 ope

327 3357 533 3413 ...ualerem
547 3358 575 3413 L
619 3362 742 3429 optamus
754 3359 782 3414 R
827 3356 1212 3432 laodesideratiasimeFW‚
1225 3372 1275 3410 ont
1288 3355 1399 3424 BLRQ

324 3431 457 3509 nunu
476 3459 526 3499 on.
539 3443 665 3515 eaow
719 3458 881 3514 emperors
894 3442 991 3513 enos
1007 3474 1040 3484 -
1058 3442 1101 3497 no
1113 3441 1279 3512 capuanum
1296 3426 1392 3513 ίιῑιι,
1410 3441 1444 3496 ιι

320 3529 541 3601 componamus
553 3531 705 3602 uirginibus
717 3514 938 3602 &ennom
956 3530 1075 3601 mpnot
1091 3529 1126 3584 ιι
1137 3523 1292 3601 Pompeium
1309 3529 1342 3584 oe
1359 3529 1444 3599 ungi·
1502 3537 1505 3544 ·

319 3615 399 3670 nibus
411 3615 457 3671 M.
474 3645 508 3656 -
952 3636 957 3644 .

370 3701 458 3772 Epist.
471 3702 503 3756 V.
513 3731 546 3743 -
555 3702 656 3773 Incipit
667 3702 701 3757 ed
711 3703 812 3758 clerum
823 3702 894 3759 sicut
902 3718 983 3773 supra
991 3704 1055 3768 NT,
1067 3702 1168 3772 Incipit
1178 3702 1213 3757 od
1224 3703 1324 3758 clerum
1335 3704 1443 3773 propter

320 3803 412 3843 curam
429 3804 574 3859 pauperum
586 3790 619 3856 Z,
637 3789 680 3845 nd
696 3789 796 3845 clerum
812 3792 919 3861 propter
935 3805 1026 3844 curam
1042 3805 1189 3860 pauperum
1200 3793 1229 3844 et
1245 3790 1444 3860 peregrinorum

319 3874 417 3944 incipit
428 3874 696 3945 p.,-9dieccnieZ
736 3876 881 3931 oarhsimie
893 3877 997 3946 ooc.Zp
1042 3878 1077 3935 11
1090 3876 1271 3931 incolumesZ
1316 3873 1443 3944 nequod]

319 3977 372 4031 quo
387 3962 413 4017 T
462 3961 496 4016 14
507 3961 657 4018 lundnmini
668 3963 712 4033 Ζμ
776 3963 810 4018 lo
826 3962 972 4034 etuootris]
985 3963 1083 4018 uestris
1094 3963 1121 4018 Z
1182 3962 1269 4018 nichil
1280 3963 1337 4018 ΝΖ
1399 3960 1444 4015 uel

320 4047 355 4102 od
366 4046 392 4102 d
403 4064 430 4104 u
441 4064 466 4102 a
479 4047 505 4103 d
517 4048 598 4120 desit]
615 4049 768 4120 indigentia
780 4051 808 4104 et
819 4049 853 4104 ad
871 4049 1055 4104 humilitatem
1071 4048 1116 4104 uel
1135 4048 1169 4103 ad
1186 4048 1382 4104 humanitatem
1399 4047 1443 4102 uel

319 4134 536 4205 addisciplinem
548 4135 624 4192 aitZ
667 4135 703 4194 16
715 4138 845 4207 quantum
858 4138 976 4191 autcmo
1022 4137 1142 4205 sumptos
1154 4135 1214 4191 NT
1256 4135 1325 4206 illie]
1337 4134 1401 4190 iisc
1514 4130 1515 4133 ’

324 4225 360 4282 ιι
378 4208 461 4294 &p
512 4221 683 4293 suspensa
732 4223 828 4288 nna
846 4223 910 4278 me
