3570 4936
689 410 850 481 Epistula
867 410 1043 466 vr-v111.
1168 405 1170 410 ’
1364 411 1430 479 485

294 573 435 641 omnium
449 570 584 636 fratrum
598 566 742 635 satisfiat
785 568 905 649 oportet
920 584 975 632 nos
990 569 1091 633 tamen
1105 571 1174 652 paci
1188 569 1346 639 communi
1360 586 1430 636 con·

298 675 399 744 sulcre
414 674 447 740 et
460 656 620 737 interdum
634 669 778 753 quamuis
790 687 862 734 cum
876 670 979 736 modio
989 670 1089 736 animi
1102 674 1202 739 nostri
1214 675 1319 742 deesse
1329 672 1428 751 uobis,

298 799 338 846 ne
357 775 531 862 praesentia
551 773 652 842 nostri
674 773 828 839 inuidiam
850 774 882 838 at
903 773 1087 839 uiolentiam
1101 776 1269 859 gentilium
1282 778 1430 863 prouocet

296 883 329 949 et
343 882 441 947 simus
452 880 594 946 auctores
608 877 798 961 rumpendae
812 876 907 960 pacis,
923 875 977 959 qui
992 892 1048 942 nos
1063 878 1166 962 magis
1177 880 1277 961 quieti
1288 881 1430 948 omnium

271 983 452 1056 sconsulere
466 981 625 1049 dabamus.
653 979 775 1064 quando
788 997 861 1065 ergo
872 996 927 1044 uos
942 978 1129 1061 scripseritis
1140 979 1232 1046 rebus
1247 984 1428 1067 compositis

295 1106 347 1153 me
362 1086 468 1153 uenim
485 1084 596 1152 debere
610 1084 667 1150 aut
681 1083 709 1149 si
723 1084 796 1149 ante
811 1082 958 1169 dignatus
980 1081 1075 1148 tuerit
1089 1081 1242 1149 Dominus
1257 1087 1427 1169 ostendere,

292 1191 369 1257 tunc
389 1191 430 1257 ad
451 1208 507 1256 uos
529 1189 664 1257 ueniam
694 1186 749 1253 ubi
771 1187 853 1263 enim
876 1187 956 1254 mihi
971 1189 1027 1253 aut
1043 1186 1156 1252 melius
1170 1187 1270 1271 possit
1285 1207 1352 1256 esse
1373 1193 1429 1258 aut

293 1293 407 1361 laetius
422 1313 517 1377 quam
532 1294 599 1360 illic
613 1290 668 1357 ubi
683 1310 733 1358 me
747 1291 832 1358 Deus
846 1292 878 1356 et
892 1291 1016 1357 credere
1030 1289 1132 1356 uoluit
1147 1291 1179 1356 et
1194 1296 1350 1358 massere?
1378 1293 1429 1358 ui-

294 1398 426 1463 duarum
437 1399 470 1464 et
480 1397 675 1464 infirmorum
687 1396 719 1461 et
729 1395 867 1461 omnium
878 1412 1050 1477 pauperum
1062 1412 1169 1459 curam
1178 1396 1250 1477 peto
1261 1394 1429 1480 diligenter

260 1527 286 1569 m
293 1501 446 1569 habeatis.
472 1502 527 1567 sed
540 1501 572 1566 et
585 1498 757 1585 peregrinis
771 1497 864 1580 siqui
878 1497 1054 1580 indigentes
1066 1496 1184 1562 fuerint
1198 1498 1342 1580 sumptus
1353 1516 1428 1583 sug·

292 1606 409 1691 geratis
431 1604 470 1671 de
492 1602 672 1687 quantitate
689 1620 760 1667 mea
773 1601 1005 1686 propria-quam
1026 1599 1109 1684 apud
1123 1599 1334 1685 Rogatianum
1349 1619 1429 1666 oom-

294 1708 509 1792 presbyterum
531 1707 674 1772 nostrum
695 1705 810 1771 dimisi.
841 1723 919 1788 quae
941 1706 1099 1788 quantitas
1121 1722 1159 1769 na
1181 1703 1262 1770 forte
1275 1703 1342 1770 iam
1356 1704 1428 1770 uni·

293 1829 382 1877 uersa
396 1811 523 1894 erogata
537 1809 589 1887 sit,
612 1808 686 1874 misi
701 1808 802 1875 eidam
815 1827 870 1892 per
881 1808 1032 1874 Noricum
1047 1807 1228 1873 acoluthum
1243 1807 1341 1874 aliam
1355 1825 1427 1891 por·
1474 1850 1477 1856 ‚

294 1913 426 1990 tionem,
448 1914 486 1978 ut
508 1913 628 1997 largius
650 1913 682 1977 et
702 1912 876 1996 promptius
899 1911 980 1978 circa
1001 1911 1177 1977 laborantes
1199 1910 1256 1977 fiat
1277 1912 1423 1995 operatio.

257 2042 283 2084 ιι
293 2018 365 2102 opto
380 2035 445 2094 uos,
467 2015 578 2082 fratres
601 2015 770 2096 carissimi,
792 2035 914 2100 semper
927 2016 1005 2082 bena
1020 2015 1123 2081 ualere
1139 2015 1187 2099 [et
1200 2015 1298 2081 nostri
1313 2014 1427 2081 menri-

291 2120 383 2185 nisse.
413 2118 644 2185 fraternitatem
665 2120 804 2186 uestram
825 2137 894 2185 meo
916 2120 1040 2186 nomine
1063 2117 1198 2186 salutate
1220 2119 1253 2186 et
1274 2120 1311 2185 ut
1329 2119 1428 2186 nostri

292 2240 444 2290 memores
459 2224 523 2289 sint
537 2219 723 2311 admonete]

570 2545 954 2673 EPISTVLA
987 2543 1147 2656 VIII.

333 2781 509 2848 Didicimus
516 2784 676 2850 secessisse
683 2783 879 2850 benedictum
890 2782 1043 2866 Papatam
1051 2780 1269 2866 Cyprianuma
1279 2780 1425 2849 (tremen-
1437 2790 1452 2855 l

256 2904 283 2946 so
292 2884 337 2951 tio
351 2885 548 2966 subdiacono,
572 2886 626 2970 qui
641 2886 760 2953 anobis
772 2887 812 2952 ad
826 2905 882 2953 nos
896 2887 985 2953 uenit
997 2888 1083 2952 certa
1098 2906 1135 2953 er
1150 2904 1252 2965 causa
1267 2885 1349 2969 qnod
1360 2886 1425 2953 uti-

343 3127 358 3181 1
376 3125 492 3180 irstrmr
505 3125 590 3194 mT,
608 3123 742 3179 fratrmm
759 3125 797 3178 ΕΙ
869 3124 1016 3180 danobis
1038 3125 1065 3180 V
1129 3124 1148 3183 3
1165 3126 1252 3181 nostri
1269 3126 1312 3194 Μ,
1330 3129 1424 3182 nostra

292 3211 394 3268 ENTo
444 3210 568 3299 gentium
583 3210 610 3265 V
669 3209 786 3281 secut
803 3211 830 3266 V
889 3227 999 3267 nosoaa
1012 3211 1057 3267 Eo
1123 3211 1214 3281 quieta
1226 3211 1295 3269 ΜΝ
1361 3212 1424 3284 isi]

511 3299 549 3333 dna

292 3341 331 3397 sit
344 3341 371 3397 T
412 3339 622 3428 anteuenigeE
670 3339 852 3398 dominusooa
866 3341 898 3396 E
952 3342 1146 3398 ostenderetT
1190 3343 1337 3399 Vusniant
1350 3343 1382 3399 N

293 3445 361 3500 mihi
373 3447 482 3501 ant'osa
495 3445 530 3500 N
584 3447 632 3499 ant
647 3447 675 3498 at
689 3446 785 3501 melius
797 3445 829 3501 Ε
881 3445 899 3500 8
915 3446 1015 3502 hotius
1030 3447 1228 3515 ...uiduarum
1239 3450 1268 3502 et
1279 3462 1329 3502 ona
1344 3446 1376 3501 E

291 3529 357 3586 deus
369 3531 434 3598 NV,
451 3515 575 3588 affirm
646 3534 731 3602 prisea
748 3535 777 3587 et
792 3547 842 3587 ona
856 3532 896 3588 Μ
967 3531 1090 3587 dominus
1107 3548 1165 3588 esse
1182 3532 1302 3590 decreuit
1318 3535 1424 3590 Noas·

293 3618 350 3673 tissa
418 3617 453 3671 10
470 3620 591 3688 sumptos
602 3619 638 3674 N
696 3619 728 3674 11
746 3618 841 3690 propia
852 3619 918 3675 ΜΤ
978 3618 1220 3689 cumpresbiterum
1235 3621 1261 3676 Τ
1328 3621 1362 3676 12
1379 3621 1425 3677 da·

294 3703 359 3759 misi
373 3704 399 3759 T
442 3703 476 3759 1³
488 3703 644 3760 acoluthum
658 3707 689 3771 T,
701 3705 829 3760 acolitum
840 3706 880 3773 N,
892 3706 1042 3775 accolytum
1054 3706 1085 3761 E
1129 3705 1165 3763 14
1181 3706 1334 3777 prumptins
1343 3707 1382 3763 Μ

297 3791 334 3852 15
352 3794 381 3844 et
392 3791 478 3846 nostri
548 3791 687 3846 mmonate
698 3806 748 3846 ona
762 3791 890 3849 ΕΜΝΤ.
913 3820 944 3833 -
964 3791 1006 3847 Ad
1023 3792 1124 3847 clerum
1135 3795 1245 3862 propter
1255 3808 1346 3848 euram
1358 3808 1425 3862 pau·

294 3877 387 3948 perum
397 3876 510 3948 explicit
521 3877 619 3948 ΕΜΤ,
637 3893 687 3933 oar.
699 3879 737 3934 N.
746 3908 780 3919 -

345 3981 433 4052 Epist.
444 3979 523 4036 VIII.
537 4009 568 4022 -
581 3981 685 4052 Incipit
700 3981 846 4038 rescribens
864 3982 985 4040 calerino
1001 3981 1119 4039 Lucieno
1139 3984 1169 4048 T,
1187 3982 1311 4055 Epistola
1322 3984 1424 4042 conisa·

295 4083 384 4124 sorum
395 4067 428 4123 de
438 4065 573 4138 erigendis
585 4067 670 4138 lapsis
681 4071 710 4123 ot
722 4068 756 4123 ad
767 4069 945 4140 penitentiam
956 4068 1132 4140 prouocaudia
1145 4090 1176 4137 φ,
1189 4069 1306 4127 Celerini
1316 4087 1424 4142 respon·

295 4156 334 4210 aio
346 4154 381 4209 ad
391 4153 541 4210 Luciannm
557 4153 590 4209 de
603 4170 666 4210 cura
677 4157 793 4226 pastoria
810 4158 839 4212 et
856 4155 891 4210 ad
902 4155 1064 4212 obuiandum
1084 4154 1248 4221 idolatriam.
1284 4156 1424 4214 celerinus

293 4241 412 4297 Lnoiano
424 4239 540 4295 salutem
547 4255 581 4309 so,
589 4239 654 4295 Alia
664 4240 796 4313 rescripta
804 4262 833 4312 p.
847 4272 875 4283 -
887 4241 1046 4298 mucimus
1058 4261 1081 4310 φ
1136 4257 1234 4312 papam
1246 4259 1271 4308 a,
1283 4258 1334 4299 osa
1346 4251 1386 4299 eo¹

293 4343 404 4396 serap
462 4326 623 4398 oremsniop
680 4327 903 4399 iddiaoonooso
964 4345 1088 4399 exosup
1146 4327 1348 4402 qnodlqnosT
