3570 4936
715 273 1069 366 spectemus-uxr}
1389 298 1453 365 695
1573 264 1576 270 ’

328 452 593 541 deprecationibus
622 451 746 520 crebris.
775 451 852 518 baec
875 452 950 518 sunt
974 453 1058 519 enim
1082 454 1171 519 nobis
1196 473 1283 522 erma
1308 452 1455 521 caelestia

329 578 408 645 quse
428 558 512 624 stare
526 557 768 642 otperseuerare
787 554 911 620 fortiter
930 554 1059 621 faciunt.
1082 556 1158 622 baec
1172 559 1246 623 sunt
1260 558 1455 625 munimenta

328 660 486 746 spiritulia
500 661 533 727 et
545 662 611 728 tela
625 661 734 728 diuina
748 678 827 745 quae
841 659 1019 743 protegunt.
1040 677 1193 725 memores
1206 662 1305 728 nostri
1318 663 1455 730 inuicem

330 766 439 843 simus,
462 764 624 831 concordes
644 749 745 848 aduno
766 763 937 841 unanimos,
960 761 1130 845 utrubique
1152 781 1208 845 pro
1227 764 1317 832 nobis
1336 784 1457 851 semper
1517 791 1520 796 ·

310 885 465 945 sonemus,
489 884 645 948 pressuras
660 870 692 934 et
706 867 866 954 augustias
889 866 1001 932 mutua
1022 864 1153 930 canace
1174 866 1358 948 releuemus,
1381 868 1457 936 etsi

330 972 400 1056 quis
420 969 513 1036 istinc
533 971 674 1039 nostrum
693 972 778 1056 prior
797 970 922 1037 diuinae
937 968 1128 1054 dignationis
1143 967 1302 1036 oeleritaoe
1315 990 1457 1054 praeces·

329 1075 416 1152 serit,
436 1077 611 1159 perseueret
630 1075 714 1159 apud
728 1075 898 1142 Dominum
913 1073 1019 1139 nostra
1033 1071 1168 1150 dilectio,
1189 1089 1245 1153 pro
1259 1072 1410 1139 fratribus
1424 1076 1457 1141 et

330 1177 487 1245 sororibus
511 1180 626 1246 nostris
651 1181 735 1262 apud
759 1178 1004 1245 misericordiam
1026 1176 1126 1260 patris
1147 1192 1208 1240 non
1229 1179 1327 1242 cesset
1349 1178 1458 1244 oratio.
1484 1203 1487 1209 ·

331 1283 405 1369 opto
417 1282 460 1361 te,
474 1282 571 1349 frater
585 1282 755 1362 carissime,
769 1300 891 1365 semper
904 1283 982 1347 bene
997 1280 1110 1346 ualere.

618 1561 999 1683 EPISTVLA.
1026 1569 1171 1683 LXI.

494 1774 699 1831 CYPRIANVS
720 1775 795 1832 CVM
813 1774 986 1833 couuscls
999 1775 1110 1868 'LVCIO
1127 1774 1261 1831 FRATRI
1279 1775 1305 1830 ἃ

375 1946 418 2011 Et
432 1965 529 2031 nuper
543 1948 670 2031 quidem
684 1947 755 2027 tibi,
771 1947 867 2015 irater
887 1949 1057 2029 carissime,
1078 1949 1229 2034 gratulati
1249 1968 1367 2028 sumus,
1388 1954 1486 2019 cumi

333 2052 366 2115 te
380 2049 494 2116 honore
507 2052 667 2136 geminato
681 2051 715 2117 in
729 2051 876 2119 ecclesiae
890 2072 965 2119 suae
975 2053 1244 2120 administratione
1256 2051 1461 2120 confessorem

331 2157 450 2238 puriter
464 2156 496 2220 et
510 2155 702 2221 sacerdotem
721 2156 885 2222 constituit
899 2157 1007 2222 diuina
1021 2156 1169 2235 dignatio.
1191 2156 1246 2221 sed
1260 2159 1292 2221 et
1306 2174 1388 2222 nunc
1400 2175 1462 2223 nou

300 2285 326 2325 a
335 2259 441 2324 minus
456 2258 516 2324 tibi
531 2260 563 2323 et
577 2257 744 2324 comitibus
757 2260 821 2326 tuis
835 2259 935 2342 sdque
958 2261 1120 2325 uniuersae
1141 2258 1332 2324 fraternitati
1353 2259 1462 2344 gratu·

333 2361 437 2427 lemur
460 2360 634 2443 quodcum
655 2361 762 2427 eedem
785 2362 885 2446 gloria
908 2366 940 2429 et
964 2361 1110 2427 laudibus
1130 2362 1243 2427 uestris
1264 2362 1391 2427 reduces
1406 2379 1462 2428 uos

314 2460 433 2529 ‘denuo
459 2464 498 2528 ad
524 2482 596 2554 suos
621 2463 731 2531 lecerit
755 2465 889 2550 benigna
913 2464 1042 2531 Domini
1068 2467 1100 2530 et
1125 2464 1214 2549 larga
1238 2464 1400 2547 protectio,
1425 2466 1463 2530 nt

332 2565 483 2648 pascendo
506 2567 595 2651 gregi
618 2568 724 2648 pastor
739 2569 771 2633 et
785 2567 1001 2652 gubernandae
1022 2569 1096 2632 naui
1117 2566 1305 2651 gubernator
1324 2568 1356 2631 et
1378 2566 1463 2647 plebi

332 2667 484 2752 regendae
503 2669 603 2733 rector
616 2667 795 2734 redderetur
809 2671 841 2735 et
854 2670 1016 2752 appareret
1030 2668 1249 2754 relegationem
1264 2671 1402 2735 uestrum
1416 2669 1463 2735 sic

299 2769 488 2839 oodiuinitus
504 2787 569 2835 csse
591 2768 785 2852 dispositam,
805 2790 866 2836 non
885 2772 922 2837 nt
943 2771 1102 2855 episeopus
1124 2771 1280 2856 relegatus
1300 2773 1333 2837 et
1353 2770 1462 2854 pulsus

336 2871 484 2939 ecclesiae
499 2873 629 2955 deesset,
644 2873 698 2939 sod
712 2874 750 2938 ut
764 2874 804 2939 ad
818 2873 980 2939 ecclesiam
994 2873 1094 2939 maior
1107 2873 1232 2939 rediret.

341 2997 344 3001 ’
377 2975 486 3059 Neque
500 2976 583 3041 enim
598 2974 631 3040 in
645 2974 747 3041 tribus
762 2976 869 3059 pueris
884 2977 985 3042 minor
999 2975 1063 3041 luit
1072 2975 1216 3059 martyrii
1228 2976 1492 3062 dignitas-quia!

333 3079 433 3143 morte
455 3077 606 3144 inlustrata
620 3077 659 3143 de
673 3079 794 3144 camino
808 3078 891 3163 ignis
906 3081 1076 3162 incolumes
1091 3080 1230 3146 exierunt
1245 3087 1374 3145 autnon
1389 3097 1462 3146 con-

387 3281 481 3334 1sunt
492 3297 542 3336 ora
559 3281 609 3338 ΟΒ
749 3281 944 3337 tmouimeute
959 3284 995 3340 θ’
1135 3283 1301 3353 3spiritalia
1313 3299 1362 3337 ooo.
1379 3281 1430 3339 ΟΒ

335 3366 361 3420 si
372 3381 502 3421 memores
514 3366 541 3422 T
671 3367 690 3422 4
701 3368 795 3439 simus]
808 3384 899 3422 sumus
912 3369 969 3424 Μ’
1097 3367 1224 3423 concorde
1236 3385 1270 3422 ex
1282 3384 1326 3423 cor
1337 3366 1414 3422 corde
1426 3367 1464 3433 R,

335 3451 413 3507 corde
428 3452 454 3506 Τ
538 3452 697 3521 utrubrique
709 3454 743 3519 R,
756 3453 863 3523 utrique
876 3469 911 3509 ex
922 3454 1104 3524 utrumqueO
1194 3454 1371 3509 breuelemus
1384 3454 1423 3508 L·

338 3537 471 3594 essee
554 3537 748 3594 mesenus
838 3524 954 3595 tuln
1044 3540 1171 3594 sorem
1187 3540 1220 3596 0¹
1312 3541 1459 3610 eope...

336 3624 428 3679 ualere
448 3641 498 3679 oou
515 3625 565 3680 012
700 3628 729 3681 te
747 3642 782 3681 es
798 3641 846 3681 uos
858 3627 892 3681 P.
907 3657 939 3668 -
951 3625 995 3680 Ad
1011 3625 1142 3696 (llxplicit
1159 3625 1194 3680 ad
1205 3626 1243 3693 P)
1261 3626 1414 3681 (bruelium
1430 3624 1465 3681 de

339 3709 504 3765 confessione
521 3711 578 3765 eius
595 3710 707 3781 explicit
723 3714 786 3781 (one
799 3713 839 3782 P)
851 3713 913 3779 LP,
931 3712 974 3768 Ad
986 3712 1139 3768 Cornelium
1150 3712 1165 3767 1
1176 3711 1220 3782 (de
1232 3713 1397 3767 eonlesuone
1407 3713 1464 3782 epi·

335 3797 410 3852 etula
427 3796 515 3866 prima
530 3797 563 3868 Q)
581 3797 692 3867 explicit
705 3798 761 3870 Tg,
782 3799 825 3854 Ad
836 3799 989 3854 Cornelium
1002 3799 1064 3853 ·ΠΙ·
1082 3799 1192 3869 explicit
1203 3799 1237 3862 R,
1259 3798 1379 3868 Explicit
1395 3797 1469 3870 liber*

336 3882 399 3937 ·111·
411 3881 495 3939 cecili
507 3881 634 3953 Cypriani
646 3882 682 3938 ad
693 3883 846 3940 Cornelium
862 3885 891 3941 0.
905 3916 939 3927 -

387 3968 474 4040 Epist
487 3968 557 4025 m.
570 4000 603 4010 -
616 3969 720 4039 Incipit
731 3975 794 4042 (coa
811 3974 846 4041 Τ)
858 3972 892 4027 sd
903 3973 1017 4028 Lucium
1030 3971 1075 4041 (ad
1086 3972 1200 4027 Lucium
1219 3987 1269 4026 oou
1285 3972 1323 4041 L)
1335 3971 1368 4026 de
1384 3971 1466 4027 exilio

336 4070 472 4111 recemum
484 4055 623 4127 FLPQT,
637 4087 672 4097 -
683 4057 718 4112 13
730 4058 993 4114 administrationem
1008 4057 1032 4128 Q
1160 4057 1194 4112 15
1205 4059 1375 4128 gratulemur
1387 4058 1427 4113 Ι)

279 4133 284 4140 ’
337 4143 372 4198 16
383 4142 473 4197 eodem
484 4141 517 4197 F
623 4141 732 4199 reduces
743 4148 772 4199 et
786 4144 822 4200 T¹
940 4145 974 4201 19
985 4143 1175 4215 religationem
1187 4144 1221 4209 P,
1234 4144 1392 4216 religionem
1408 4142 1432 4214 Q

335 4227 555 4298 20religatuoP
657 4228 916 4301 idquia1quala·
