3570 4936
637 307 815 377 Epistulae
832 306 1037 362 xxxvlm
1057 324 1080 362 c
1097 308 1175 364 1-4.
1407 305 1472 373 583

335 467 406 552 quis
421 465 504 551 quod
515 463 606 532 audit
616 464 649 530 et
660 463 774 530 uideat.
791 465 824 529 in
835 483 924 530 seruo
931 465 991 530 Dei
1006 464 1173 531 uictoriam
1189 465 1290 552 gloria
1305 463 1471 531 uulnerum
1576 528 1581 534 .

334 571 420 654 iecit,
436 569 570 656 gloriam
585 568 766 635 cicatricum
781 569 931 633 memoria
944 567 1093 633 custodit.
1140 615 1146 625 .

376 675 443 742 Nec
462 671 551 739 rudis
567 672 629 740 iste
643 674 699 738 aut
712 690 811 738 nouus
826 671 875 736 est
888 668 1078 737 indoloriae
1094 669 1254 735 carissimo
1269 672 1375 737 nostro
1389 670 1500 738 titu·t
1634 695 1639 704 ·

333 778 385 846 lus
399 777 583 864 gloriarum.
597 797 654 863 per
668 778 803 865 uestigia
817 771 1010 861 cognationis
1024 794 1100 842 suae
1115 774 1268 860 graditur,
1289 776 1471 860 parantibus
1507 852 1512 865 Ι

312 900 371 949 eac
384 881 568 966 propinquis
583 882 649 949 suis
663 883 776 950 bonore
791 880 946 947 consimili
961 879 1087 946 diuinae
1101 879 1294 965 dignationis
1308 882 1469 963 aequatur.

332 986 406 1053 auia
417 986 486 1053 eius
497 983 638 1055 Celerina
651 987 847 1070 iampridem
858 985 1008 1070 martyrio
1023 986 1170 1051 coronata
1179 985 1236 1049 cst.
1251 984 1329 1050 item
1339 986 1471 1067 patruus

332 1090 400 1156 eius
426 1091 458 1155 st
482 1091 656 1157 auunculus
680 1090 888 1157 laurentinus
917 1092 950 1156 et
974 1089 1131 1175 Egnatius
1156 1086 1190 1153 in
1216 1087 1326 1152 castris
1351 1088 1470 1170 stipsi

332 1193 490 1277 quondam
505 1193 717 1260 saecularibus
732 1194 916 1272 militantes,
936 1194 991 1260 sed
1005 1194 1073 1259 ueri
1088 1194 1121 1258 et
1135 1190 1295 1277 spiritales
1308 1190 1368 1256 Dei
1382 1190 1471 1256 mili-

331 1299 389 1377 tes,
401 1297 477 1364 dum
489 1297 651 1365 &abolem
664 1296 779 1363 Christi
791 1296 980 1365 confessione
990 1297 1199 1381 prosternunt,
1210 1295 1332 1378 palmas
1342 1292 1470 1358 Domini

296 1403 365 1468 oet
379 1420 508 1470 coronas
527 1401 657 1468 inlustri
676 1402 817 1484 passione
832 1402 1021 1466 meruerunt.
1043 1399 1197 1466 sacrificia
1211 1417 1267 1482 pro
1282 1398 1327 1464 eis
1347 1414 1471 1479 semper

330 1508 368 1573 nt
381 1505 584 1589 meministis,
603 1504 779 1583 offerimus,
804 1503 945 1586 quotiens
970 1503 1146 1586 martyrum
1171 1503 1328 1585 passiones
1350 1502 1382 1567 et
1403 1500 1470 1566 dies

331 1609 548 1676 anniuersario
569 1606 860 1673 commemoratione
875 1607 1077 1672 celebramus.
1098 1623 1155 1670 nec
1168 1605 1302 1689 degener
1316 1622 1389 1690 ergo
1404 1622 1471 1670 esse

330 1731 388 1780 nec
409 1712 513 1778 minor
532 1712 656 1795 poterat
670 1730 763 1794 quem
778 1709 823 1776 sio
839 1709 1018 1775 domesticis
1034 1709 1185 1790 exemplis
1200 1707 1331 1774 antestis
1346 1725 1383 1773 ac
1397 1706 1470 1773 fidei

330 1814 519 1900 prouocabat
546 1814 686 1880 familiae
711 1813 849 1898 dignitas
872 1816 904 1880 et
925 1829 1073 1898 generosa
1098 1811 1258 1877 nobilitas.
1285 1811 1367 1895 quod
1388 1810 1416 1876 si
1436 1812 1488 1877 in·

295 1937 321 1977 a
330 1917 455 1986 familia
484 1916 636 1985 saecului
664 1916 904 2001 praedicationis
930 1917 962 1981 et
987 1915 1092 1982 laudis
1122 1917 1172 1981 est
1196 1931 1264 1980 esse
1284 1913 1469 1997 patricium,

329 2025 445 2106 quanto
460 2021 590 2088 maioris
604 2021 707 2087 laudis
721 2023 753 2087 et
764 2021 888 2088 bonoria
904 2022 951 2087 ast
966 2020 1033 2086 fiori
1048 2019 1224 2086 incoelesti
1239 2019 1470 2104 praedicatione

328 2144 522 2212 generosum.
544 2143 607 2191 non
627 2125 753 2192 inuenio
773 2144 865 2209 quem
880 2125 1052 2191 beatiorem
1067 2123 1171 2210 magis
1186 2122 1299 2204 dicam
1323 2126 1471 2190 utrumne

329 2229 402 2296 illos
423 2229 463 2296 de
485 2231 670 2313 posteritate
694 2233 762 2296 tam
786 2231 869 2298 clara
896 2214 936 2296 an
958 2230 1042 2295 hunc
1061 2230 1100 2295 de
1114 2229 1234 2314 origine
1254 2230 1400 2315 gloriosa.
1424 2228 1472 2294 ite
1532 2281 1534 2285 ,

332 2335 506 2418 aequaliter
528 2336 613 2418 apud
635 2352 686 2399 eos
708 2337 842 2402 recmrit
862 2339 894 2401 et
915 2336 1071 2401 commeat
1093 2334 1202 2400 diuina
1223 2333 1365 2419 <Egnatio
1388 2332 1425 2396 ut
1438 2332 1471 2397 et

294 2436 458 2503 suillorum
488 2455 631 2504 coronam
661 2438 799 2522 dignitas
829 2438 945 2505 sobolis
974 2437 1124 2533 inlustret
1152 2439 1184 2502 et
1209 2437 1304 2503 buius
1334 2436 1469 2522 gloriam

329 2541 510 2608 sublimitas
525 2543 648 2626 generis
663 2542 841 2608 inluminet.

371 2644 467 2710 Hunc
478 2645 519 2710 ad
528 2662 596 2723 nos,
611 2644 724 2710 batres
738 2645 944 2724 dilectissimi,
961 2663 1033 2710 cum
1044 2644 1134 2709 tanta
1145 2643 1273 2709 Domini
1288 2643 1497 2729 dignationat

328 2748 518 2827 uomentem,
538 2749 719 2814 testimonio
739 2751 772 2814 et
791 2748 942 2815 miraculo
962 2747 1030 2814 aius
1052 2747 1151 2832 ipsius
1172 2748 1226 2831 qui
1241 2767 1275 2813 sa
1289 2749 1468 2831 persecutus

328 2849 432 2918 inerat
453 2851 631 2932 inlustrem,
655 2851 731 2935 quid
754 2852 841 2919 alind
864 2872 958 2936 quam
979 2870 1072 2946 snper
1091 2852 1251 2935 pulpitum
1264 2850 1298 2918 id
1314 2852 1363 2917 eat
1376 2869 1469 2934 super

294 2954 320 2998 ²⁸
330 2955 470 3021 tribunal
494 2956 642 3023 ecclesiae
657 2957 820 3038 oportebat
833 2956 950 3040 inponi,
973 2959 1011 3022 ut
1023 2956 1085 3023 loci
1100 2955 1222 3022 altioris
1237 2956 1378 3023 celsitate
1393 2955 1468 3020 sub—

328 3059 420 3124 nixus
432 3061 464 3124 et
474 3058 560 3142 plebi
571 3060 736 3126 uniuersae
750 3077 805 3144 pro
819 3059 945 3128 honoris
960 3062 1009 3126 sni
1025 3061 1171 3127 claritate
1186 3060 1369 3144 conspicuus
1382 3060 1469 3144 legat

380 3375 396 3429 1
408 3372 554 3429 uicenam
572 3374 689 3445 gloriam
707 3374 848 3430 unlnemm
865 3374 1007 3430 uumemm
1022 3372 1104 3430 Oeed
1115 3373 1235 3428 clunem
1249 3372 1392 3428 uulnerum
1404 3389 1465 3442 orep.

326 3462 396 3515 M
488 3446 686 3531 ilecitgloria
701 3461 789 3519 Oai
883 3462 973 3532 gloria
984 3476 1008 3515 c.
1019 3459 1176 3516 memoriam
1192 3458 1273 3516 ONR
1283 3458 1473 3529 nieigoodN

326 3545 443 3616 gloriam
454 3552 520 3602 nal
609 3547 698 3618 daut]
711 3549 781 3606 sco
871 3546 1066 3618 4cognitionis
1082 3547 1117 3603 0¹
1203 3546 1382 3602 boensimilis
1398 3546 1432 3603 0¹

326 3632 733 3689 communicatore
825 3633 1040 3689 ilamentiuso
1126 3632 1347 3732 igmtiusNQ
1404 3633 1467 3689 Set

326 3733 378 3775 ons.
390 3719 419 3775 Β
487 3721 506 3775 9
522 3719 688 3777 diabolorum
701 3722 730 3778 Β
798 3721 974 3792 mniesaione]
991 3723 1179 3790 congressione
1193 3719 1222 3773 V
1287 3720 1335 3775 dna
1351 3719 1467 3785 OLNV,

326 3789 413 3862 scffi
416 3806 481 3878 Po,
492 3788 553 3862 uiri
554 3807 583 3863 Β
644 3807 679 3862 10
686 3823 810 3864 coronam
820 3807 848 3863 Β
906 3807 941 3863 12
953 3805 1206 3863 commemoratioR
1263 3806 1394 3877 degenere
1404 3806 1433 3862 Β

326 3906 383 3947 esse
394 3893 451 3948 ism
467 3893 495 3949 V
566 3894 602 3950 14
613 3894 639 3948 si
650 3909 700 3949 om.
713 3894 742 3950 L
816 3895 850 3949 ll
862 3909 1023 3965 generorum
1034 3892 1063 3947 Β
1130 3893 1272 3947 ummnec
1288 3893 1322 3949 0¹
1392 3892 1427 3946 19
1437 3895 1467 3946 et

324 3979 472 4050 commeat]
493 3971 526 4034 ut
546 3962 674 4035 cumaead
696 3981 720 4038 0
814 3979 851 4035 20
867 3979 1022 4034 sobolis...
1036 3977 1153 4049 gloriam
1174 3993 1226 4032 om.
1239 3977 1283 4047 10·
1304 3977 1404 4034 sobolis

326 4064 485 4120 sublimitas
497 4081 549 4120 om.
561 4066 590 4122 Β
670 4066 772 4123 subolis
788 4067 819 4132 V,
833 4064 924 4123 sobole
941 4067 974 4123 θ’
1061 4066 1097 4120 24
1108 4064 1199 4119 fuerat
1210 4068 1367 4135 persecutus
1383 4063 1432 4120 GR

324 4165 406 4220 quam
418 4166 453 4207 ea
464 4167 517 4222 que
533 4152 558 4209 0
643 4152 682 4224 id]
695 4152 745 4209 hoc
761 4153 812 4212 GR
896 4153 932 4209 26
943 4152 1039 4208 bonori
1052 4151 1088 4217 Β,
1101 4151 1177 4206 boris
1192 4151 1227 4207 0¹
1309 4152 1333 4205 si
1345 4150 1423 4223 legat
1435 4153 1465 4216 (l,

326 4235 403 4309 legat
414 4242 443 4292 et
458 4236 481 4308 Q
493 4238 583 4310 (legat
594 4238 642 4310 Μ)
