3570 4936
575 361 753 433 Epistulae
769 363 891 418 xxxv.
910 380 931 418 e.
949 364 1026 419 e-s.
1297 360 1362 428 813

235 520 352 602 scripta
372 523 478 588 nestra
498 519 723 604 rescripsimus.
746 522 778 586 et
792 519 920 604 quidem
934 523 1088 605 quantum
1103 521 1143 586 ad
1158 519 1192 586 id
1206 519 1361 614 pertineat

232 622 315 706 quod
329 619 504 706 Stephanus
526 623 615 703 dixit,
635 623 724 708 quasi
745 623 877 708 apostoli
899 641 950 691 eos
973 624 1027 709 qui
1041 624 1080 690 ab
1095 623 1215 689 haeresi
1230 622 1361 688 ueniunt

230 725 382 808 baptizari
403 727 619 809 prohibuerint
633 730 666 794 et
679 728 738 794 hoc
759 726 995 794 custodiendum
1016 728 1147 813 posteris
1162 726 1360 804 tradiderint,

230 829 411 912 plenissime
432 823 488 898 uo's
509 831 712 914 respondistis
732 831 887 897 neminem
910 831 976 897 tam
997 830 1131 897 stultum
1153 848 1220 896 esse
1234 832 1289 913 qui
1303 830 1363 896 boc

209 932 336 999 acredat
355 934 511 1017 apostolos
531 934 706 1012 tradidisse,
727 935 849 1018 quando
870 933 967 1000 etiam
988 934 1070 1016 ipsas
1084 934 1225 1000 haereses
1240 935 1361 1000 consta

231 1035 417 1103 execrabiles
432 1056 468 1103 ac
481 1036 680 1104 debsiandas
698 1040 807 1120 postea
827 1037 981 1104 extitisse:
1004 1054 1076 1101 cum
1091 1038 1123 1101 et
1136 1036 1276 1102 Marcion
1290 1034 1361 1102 car-

231 1138 320 1205 donis
342 1138 513 1224 discipulus
532 1139 713 1206 inueniatur
731 1158 799 1205 sero
819 1141 891 1223 post
912 1138 1065 1222 apostolos
1081 1139 1199 1221 etpost
1213 1139 1307 1225 longa
1322 1138 1361 1204 ab

231 1240 278 1307 eis
300 1242 442 1326 tempora
467 1243 652 1329 sacrilegam
678 1243 828 1310 aduersus
841 1243 945 1307 Deum
967 1240 1169 1306 traditionem
1192 1241 1360 1322 induxisse,

230 1343 379 1428 Appelles
393 1364 514 1428 quoque
528 1344 741 1429 blasphemiae
755 1345 822 1409 eius
837 1344 1029 1409 consentiens
1043 1342 1146 1407 multa
1160 1342 1224 1408 aha
1237 1362 1320 1410 noua
1330 1345 1363 1409 et

198 1446 378 1530 ragrauiora
397 1447 470 1514 fidei
490 1465 528 1513 ao
548 1447 676 1513 aeritimi
696 1447 824 1512 inimica
844 1444 1010 1511 addiderit.
1031 1445 1084 1509 ssd
1105 1447 1137 1509 et
1153 1443 1313 1510 Valentini
1330 1447 1362 1511 et

229 1549 379 1617 Basilidis
402 1553 526 1632 tempus
546 1549 748 1614 manifestum
767 1550 825 1626 est,
848 1546 929 1629 quod
945 1547 977 1612 et
991 1546 1053 1628 ipsi
1072 1547 1144 1628 post
1157 1548 1314 1628 apostolos
1329 1550 1361 1614 et

231 1653 303 1734 post
316 1652 442 1737 longam
457 1653 596 1717 aetatem
610 1650 759 1716 aduersus
774 1649 937 1715 ecclesiam
948 1649 1008 1714 Dei
1020 1649 1179 1714 sceleratis
1189 1651 1363 1718 mendaciis

230 1755 297 1820 suis
317 1755 545 1820 rebellaucrint.
568 1753 684 1818 ceteros
705 1770 825 1834 quoque
840 1751 1010 1817 haereticos
1026 1753 1148 1818 constat
1161 1772 1274 1837 prauae
1289 1773 1363 1821 suas

231 1857 332 1923 sectas
346 1859 379 1921 et
393 1856 587 1921 inuentiones
608 1873 778 1938 peruersas,
800 1856 894 1939 prout
914 1855 1044 1939 quisque
1058 1875 1159 1922 errore
1175 1857 1288 1923 ductus
1302 1859 1361 1938 est,

196 1983 222 2025 ra
230 1960 339 2044 postea
353 1958 528 2024 induxisse:
544 1977 621 2040 quos
638 1976 743 2024 omnes
757 1958 958 2024 manifestum
974 1961 1022 2025 est
1036 1960 1165 2025 asemet
1179 1960 1257 2042 ipsis
1273 1959 1362 2026 darn·

230 2064 321 2128 natos
342 2081 408 2128 esse
422 2064 454 2127 et
469 2063 542 2129 ante
563 2062 647 2128 diem
667 2062 775 2128 indicii
790 2062 1030 2128 inexcusabilem
1045 2062 1233 2128 sententiam
1249 2063 1362 2129 aduer-

231 2183 302 2231 sum
323 2167 421 2231 semet
441 2167 525 2247 ipsos
547 2165 670 2231 dixisse.
694 2183 826 2248 quorum
848 2165 1005 2248 baptisma
1019 2166 1072 2248 qui
1088 2165 1260 2245 confirmat,
1286 2165 1363 2248 quid

231 2268 318 2334 aliud
340 2287 433 2351 quam
456 2287 527 2332 cum
548 2269 626 2350 ipsis
640 2287 674 2334 se
688 2267 848 2334 adiudicat
863 2269 895 2332 et
910 2286 943 2332 se
958 2268 1023 2351 ipse
1038 2261 1222 2351 participem
1243 2268 1362 2335 talibus

232 2368 372 2436 faciendo
387 2372 593 2436 condemnat?
692 2379 701 2396 ·
1284 2396 1295 2411 ·

199 2494 226 2536 a
276 2473 337 2538 Eos
357 2476 463 2538 summ
484 2473 539 2556 qui
552 2473 669 2539 Romm
690 2475 763 2539 sunt
776 2493 837 2538 non
852 2491 888 2538 ea
903 2472 936 2537 in
950 2474 1095 2538 omnibus
1109 2472 1271 2539 obseruare
1286 2475 1394 2556 quaet

232 2576 297 2641 sint
312 2575 350 2641 ab
366 2576 485 2659 origine
505 2576 623 2641 tradita
637 2578 669 2641 et
685 2576 801 2641 trustra
816 2573 1025 2658 apostolorum
1042 2575 1260 2641 auctoritatem
1274 2594 1363 2658 pras·

233 2677 359 2743 tendere
380 2678 459 2744 scire
473 2677 544 2760 quis
559 2679 655 2743 etiam
669 2680 741 2744 inde
755 2679 868 2762 potest,
891 2677 973 2760 quod
987 2679 1069 2742 circa
1083 2677 1281 2743 celebrandos
1296 2677 1363 2743 dies

233 2779 372 2846 Paschae
393 2782 426 2845 et
440 2780 523 2845 cirea
541 2780 643 2846 multa
662 2782 727 2847 alia
747 2779 873 2846 diuinae
892 2781 938 2845 rei
960 2783 1151 2845 sacramenta
1171 2780 1278 2845 uideat
1298 2799 1364 2846 esse

235 2883 318 2968 apud
329 2883 402 2950 illos
413 2883 534 2966 aliquas
545 2884 743 2950 diuersitates
753 2902 810 2949 nee
822 2884 978 2949 obseruari
993 2884 1061 2949 illic
1075 2883 1180 2949 omnia
1193 2884 1364 2968 aequaliter

198 3005 312 3070 eaquae
326 2986 553 3070 Hierosolymis
573 2986 786 3066 obseruantur,
808 2986 978 3052 secundum
998 2987 1080 3070 quod
1099 2987 1133 3052 in
1154 2989 1265 3054 ceteris
1286 3006 1364 3070 quo·

233 3109 293 3173 que
313 3090 460 3173 plurimis
482 3090 652 3172 prouinciis
672 3091 776 3157 multe
795 3108 850 3173 pro
871 3091 1008 3156 locorum
1029 3092 1061 3156 et
1076 3091 1238 3156 hominnm
1259 3092 1365 3157 diuer-

232 3194 326 3259 sitate
350 3193 519 3270 uariantur,
545 3212 602 3259 nee
623 3194 728 3259 tamen
749 3195 874 3277 propter
897 3192 954 3258 hoc
969 3193 1007 3257 ab
1023 3194 1169 3259 ecclesiae
1192 3193 1364 3260 catholicae

232 3312 308 3380 paea
322 3297 415 3378 atque
428 3296 549 3361 unitate
564 3296 730 3379 aliquando
745 3296 916 3363 discessum
932 3301 988 3362 est.
1004 3297 1085 3379 quod
1098 3317 1180 3363 nunc
1190 3297 1364 3380 Stephanus

233 3417 328 3464 ansus
353 3401 402 3464 est
426 3397 527 3464 facere
552 3419 699 3482 rumpens
725 3400 875 3465 aduersus
901 3417 957 3464 uos
978 3418 1095 3482 paoem,
1123 3420 1218 3482 quam
1240 3419 1363 3481 semper

188 3502 439 3569 'aantecoesores
461 3502 527 3566 eius
543 3500 705 3568 uobiscum
721 3520 825 3568 amore
839 3502 1000 3568 ethonore
1015 3505 1126 3568 mutuo
1141 3503 1363 3586 custodierunt,
1486 3502 1489 3508 ’

236 3603 337 3670 adhuc
350 3605 446 3670 etiam
462 3605 616 3670 infamans
631 3604 762 3671 Petrum
778 3607 810 3671 et
824 3605 960 3671 Paulum
977 3605 1081 3671 beatos
1096 3607 1261 3688 apostolos,
1276 3607 1366 3688 quasi

287 3841 486 3911 3prohibnerit
498 3841 578 3898 ΕΜ
586 3841 786 3914 (prohibuerint
802 3843 836 3914 Q)
905 3843 1052 3899 tradiderit
1065 3844 1114 3911 13¹,
1126 3843 1333 3914 tradideruntQ

235 3927 466 4000 tresponditisQ
552 3930 641 3999 bipes
652 3930 753 3985 heresis
769 3930 793 4001 Q
877 3930 1076 4002 deacrilegaQ
1156 3933 1173 3986 9
1187 3930 1288 4001 apelles
1300 3930 1333 3986 Io

237 4013 271 4068 lt
281 4016 323 4067 est
336 4013 434 4085 210²,
445 4018 460 4069 t
473 4016 519 4087 θ’,
533 4019 561 4070 et
572 4015 609 4070 nr
750 4017 784 4071 15
796 4016 955 4085 semetipsos
968 4016 999 4071 Ε
1023 4031 1027 4039 ·
1134 4017 1167 4070 16
1179 4016 1335 4071 aduersnsa

235 4100 444 4156 stercoritae
459 4100 483 4171 Q
612 4103 647 4158 23
658 4104 729 4158 circa
740 4118 791 4156 om.
805 4103 836 4158 Ε
962 4103 997 4159 25
1008 4102 1193 4158 hierusolimis
1205 4102 1269 4175 EQ,
1281 4104 1369 4158 ibero·

236 4186 340 4241 solimis
353 4189 374 4242 I
472 4188 508 4243 26
521 4188 659 4244 hominnm
671 4190 741 4246 coni
754 4189 902 4257 Balearicae,
915 4190 1053 4245 nominum
1062 4187 1114 4242 EI
1116 4186 1155 4257 Qv
1259 4190 1296 4246 28
1307 4204 1373 4262 paoe

237 4289 273 4328 ea
283 4273 398 4344 paschae
410 4275 446 4340 E,
458 4275 575 4345 paschae
588 4274 612 4346 Q
714 4276 749 4331 29
760 4274 901 4331 aduenam
914 4274 951 4333 lv
1053 4273 1088 4329 31
1100 4272 1204 4328 famens
1219 4273 1248 4345 Q
