3570 4936
576 363 756 434 Epistulae
772 361 893 418 LXXV.
912 380 934 418 c.
954 364 1030 417 1-3.
1298 361 1359 428 811

234 522 330 587 eimm
357 521 512 600 innocent,
539 522 593 588 sed
617 519 766 603 separatis
792 520 824 582 et
847 517 958 584 diuisis
984 519 1022 583 ab
1047 517 1182 583 inuicem
1208 537 1265 583 nee
1289 535 1362 583 con·

234 622 386 689 fabulatio
411 627 477 692 iam
499 625 598 710 possit
621 641 687 690 esse
709 624 765 688 aut
788 638 888 687 sermo
911 622 1094 687 communis.
1119 621 1181 688 nisi
1203 621 1284 705 quod
1307 639 1362 687 nos

234 725 370 812 gretiam
391 727 505 794 referre
519 728 674 814 Stephano
688 726 722 791 in
736 727 797 791 isto
819 742 993 806 possumus,
1017 727 1100 808 quod
1123 744 1178 809 per
1200 726 1289 792 illius
1311 727 1361 792 in·

192 818 195 824 ’
233 829 463 895 humanitatem
488 851 571 898 nnnc
596 831 741 897 effectum
766 824 818 894 sit'
833 828 870 892 ut
895 825 968 891 fidei
993 830 1025 892 et
1048 830 1217 913 sapientiae
1242 831 1363 895 uestrae

212 929 481 1014 serperimentum
496 952 682 1016 caperemus.
700 932 752 999 sed
764 949 824 998 non
836 930 921 996 enim
932 930 959 994 si
971 947 1026 994 nos
1038 935 1162 1015 propter
1171 933 1361 1017 Stephanum

233 1034 314 1099 hano
339 1033 480 1102 beneficii
506 1038 641 1121 gretiam
667 1037 813 1119 cepimus,
839 1031 950 1101 statim
965 1031 1141 1113 Stephanus
1161 1035 1309 1102 beneficio
1331 1038 1365 1100 et

234 1135 337 1218 gretia
358 1135 453 1221 digna
468 1141 634 1205 commisit.
656 1157 754 1222 nsque
775 1138 858 1204 enim
873 1139 905 1202 et
919 1135 1014 1201 Iudas
1029 1137 1159 1217 perfidia
1174 1157 1231 1204 sua
1245 1141 1278 1204 et
1291 1157 1362 1221 pro-

235 1238 354 1305 ditione
368 1257 446 1322 quae
461 1243 608 1308 scelerate
623 1233 704 1308 circa
718 1243 905 1308 saluatorem
920 1241 1063 1323 operatus
1075 1240 1122 1304 est
1134 1239 1247 1324 dignus
1263 1242 1363 1307 uideri

234 1340 337 1423 potest
359 1343 449 1423 quasi
469 1363 595 1410 causam
614 1345 764 1412 bonorum
777 1346 936 1410 tantorum
950 1342 1017 1425 ipse
1031 1342 1234 1425 praestiterit,
1258 1345 1296 1408 ut
1309 1363 1364 1426 per

199 1443 327 1513 suillum
349 1445 484 1511 mundus
502 1449 535 1512 et
549 1449 691 1532 gentium
712 1449 844 1531 populus
866 1446 1008 1529 passione
1022 1444 1149 1510 Domini
1171 1445 1363 1510 libereretur.

278 1546 338 1614 Sed
359 1546 435 1613 haec
454 1550 582 1615 interim
603 1558 682 1634 quae
694 1551 733 1616 ab
749 1549 902 1633 Stephano
923 1548 1014 1632 gesta
1033 1548 1107 1612 sunt
1123 1549 1394 1630 praetereanturt

234 1669 273 1716 ne
293 1652 369 1717 dum
392 1652 539 1718 audaciae
554 1656 586 1718 et
599 1654 781 1720 insolentiae
799 1654 865 1718 eius
883 1642 1094 1728 meminimus,
1116 1651 1154 1716 de
1169 1651 1261 1715 rebus
1275 1650 1314 1714 ab
1329 1669 1364 1716 eo

235 1754 375 1836 improbe
397 1756 495 1838 gestis
517 1756 687 1840 longiorem
709 1756 900 1821 maestitiam
915 1754 1004 1820 nobis
1020 1753 1200 1819 inieramus.
1222 1755 1261 1819 de
1275 1752 1364 1819 uobis

236 1857 342 1922 autem
363 1861 580 1942 cognoscentes
595 1860 676 1943 quod
691 1861 860 1926 seeundum
875 1858 1019 1944 regulam
1034 1858 1180 1924 uentetis
1195 1858 1228 1922 et
1242 1856 1364 1939 sepien-

200 1988 226 2029 rs
237 1960 316 2025 tiam
325 1958 442 2026 Christi
457 1963 516 2028 hoc
528 1962 565 2028 ds
577 1982 637 2046 quo
651 1983 732 2029 nunc
747 1964 906 2046 quaeritur
921 1962 1147 2046 disposueritis,
1164 1980 1235 2026 cum
1251 1979 1367 2044 magna

235 2063 359 2130 laetitia
384 2067 595 2132 exultauimus
619 2068 650 2131 et
665 2067 730 2132 Deo
755 2067 873 2152 gratias
898 2066 1031 2151 egimus,
1058 2066 1111 2148 qui
1134 2065 1310 2130 inuenimus
1333 2064 1366 2128 in

236 2165 389 2232 iratribus
413 2169 481 2234 tam
504 2170 596 2254 longe
617 2170 867 2251 positistantam
889 2169 1052 2235 nobiscum
1075 2167 1147 2233 fidei
1171 2169 1203 2232 et
1223 2167 1367 2232 ueritatis

237 2270 486 2336 unanimitatem.
503 2275 675 2354 potensest
690 2273 773 2337 enim
787 2271 891 2356 gratia
904 2272 962 2336 Dei
977 2271 1123 2354 copulare
1138 2272 1170 2335 et
1181 2270 1366 2352 coniungere

237 2372 379 2438 caritatis
402 2375 496 2457 atque
517 2376 648 2440 unitatis
668 2375 793 2441 uinculo
812 2376 907 2438 etiam
922 2393 958 2437 ea
972 2392 1051 2455 quae
1066 2374 1213 2438 uidentur
1227 2372 1366 2454 longiore

205 2475 394 2541 summm
417 2477 518 2559 spatio
541 2478 607 2543 e'sse
629 2478 739 2555 diuisa,
763 2478 931 2543 secundum
954 2476 1036 2558 quoe
1051 2479 1084 2540 et
1098 2476 1175 2541 olim
1199 2473 1365 2540 interuallo

238 2577 413 2658 temporum
430 2581 589 2660 separatos
600 2580 640 2644 ab
652 2579 708 2645 Iob
719 2582 751 2646 et
761 2581 827 2645 Noe
842 2581 896 2662 qni
911 2578 1070 2662 inprimis
1085 2578 1208 2643 fuerant
1219 2576 1365 2643 Ezechie-

237 2678 354 2744 lomet
375 2679 540 2746 Danielem
565 2684 748 2764 posteriores
774 2684 878 2748 aetate
901 2682 941 2746 ad
962 2680 1182 2746 unanimitatis
1204 2679 1366 2745 uinculum

237 2780 339 2846 uirtus
351 2781 460 2847 diuina
470 2784 638 2862 coniunxit,
655 2822 685 2852 u
696 2787 750 2850 sed
764 2784 908 2867 quamuis
922 2783 1115 2865 temporibus
1126 2783 1228 2866 longis
1240 2783 1367 2848 discreti

239 2885 351 2960 essent,
373 2884 481 2950 eadem
497 2888 603 2952 tamen
617 2887 724 2952 diuine
738 2888 940 2969 inspiratione
955 2886 1118 2952 sentirent.
1141 2885 1223 2969 quod
1239 2887 1271 2950 et
1285 2904 1368 2950 nunc

203 2986 273 3054 sein
288 2984 378 3050 uobis
400 2987 689 3066 animaduertimus,
710 2992 747 3054 ut
761 2991 815 3073 qui
835 2989 1029 3073 longissimis
1050 2990 1229 3075 regionibus
1244 2987 1367 3053 anobis

238 3090 375 3172 separati
390 3092 466 3156 estis
482 3111 574 3157 sensu
588 3094 693 3158 tamen
705 3096 737 3159 et
748 3094 861 3176 spiritu
876 3093 1036 3177 copulatos
1051 3112 1108 3158 uos
1124 3112 1191 3158 esse
1206 3091 1366 3157 nobiscum

239 3191 420 3274 probaretis.
436 3195 518 3275 qnod
533 3196 637 3259 totum
651 3195 708 3260 hoo
722 3196 759 3260 tit
774 3195 882 3261 diuina
896 3196 1027 3260 unitate.
1044 3215 1117 3261 nam
1131 3215 1202 3261 oum
1214 3195 1370 3260 Dominus

239 3313 320 3359 unus
342 3295 437 3378 etopue
461 3296 545 3363 idem
567 3298 610 3363 sit
629 3299 684 3380 qui
704 3298 827 3364 habitat
847 3299 880 3364 in
895 3298 994 3375 nobis,
1021 3300 1184 3384 coniungit
1208 3298 1322 3381 ubique
1337 3300 1371 3362 et

291 3499 307 3552 1
320 3499 359 3569 et]
373 3516 432 3555 aco
509 3501 704 3556 cumiabulatio
717 3502 741 3574 Q
813 3504 831 3558 3
842 3503 1011 3572 possulsmus
1025 3501 1060 3556 M
1067 3503 1073 3532 ¹
1085 3505 1235 3572 (possumus
1248 3501 1336 3573 M‘Q)

240 3584 403 3654 6coepimus
416 3586 472 3640 ΙΜ
483 3587 612 3656 (cepimus
627 3587 661 3658 Q)
785 3591 916 3660 lgr-etia·
931 3588 1083 3659 ngrutiae
1095 3590 1141 3659 Μ)
1261 3588 1370 3659 liques]

240 3684 320 3740 quse
430 3672 464 3726 10
475 3673 625 3743 passionem
641 3673 664 3743 Q
770 3677 892 3746 passione
903 3673 1006 3728 domiui
1018 3690 1069 3730 cm.
1085 3674 1119 3730 Io
1229 3675 1371 3746 14003110·

240 3757 369 3826 scenteQ
473 3760 506 3813 15
518 3760 636 3814 christus
650 3760 673 3830 Q
770 3777 868 3831 magns
880 3777 968 3816 cumo
1073 3761 1106 3815 16
1118 3761 1298 3815 exultabimus
1314 3761 1337 3831 Q

240 3842 296 3912 qni]
309 3844 373 3912 quia
387 3844 439 3900 Ion
569 3847 601 3899 17
597 3847 715 3934 positos
726 3847 762 3902 M
766 3852 773 3878 ¹
786 3847 893 3916 (positis
905 3846 997 3917 M’Q)
1125 3847 1223 3917 positis
1237 3847 1247 3917 ll
1260 3847 1373 3916 explicit

240 3930 356 4001 epistola
367 3930 521 3986 Firmiliani
538 3931 572 3986 ad
584 3949 638 3987 scm
652 3932 813 4003 cyprianum
825 3950 842 3987 o
953 3933 1159 3989 allucente!
1170 3933 1288 3996 (fuerant
1303 3932 1336 4002 Q)

239 4017 428 4072 hiezechielem
440 4018 490 4072 EI
604 4018 640 4073 22
651 4018 806 4074 deuihelnm
820 4019 844 4090 Q
963 4019 999 4074 23
1010 4016 1057 4072 scd
1069 4017 1133 4089 EQ,
1146 4017 1192 4073 sed
1204 4035 1288 4087 super
1300 4022 1333 4072 ut
1345 4019 1372 4081 I,

240 4105 272 4158 ut
287 4120 320 4172 ος
341 4105 474 4159 lucanum
493 4105 621 4160 indtmue'
772 4107 807 4160 25
825 4105 984 4176 longisimae
1000 4103 1035 4175 ρ’
1053 4103 1235 4175 (longissimis
1247 4105 1285 4159 Μ
1287 4103 1337 4174 0²)

238 4188 397 4260 26sensiQ
545 4192 668 4262 copulato
680 4191 727 4246 M¹
738 4192 886 4263 (copulatos
896 4191 988 4265 Μ’ρ)
1135 4192 1168 4245 Yl
1182 4191 1335 4261 probaretis
1348 4190 1378 4245 D*

240 4274 342 4331 heretis
354 4278 386 4331 in
398 4294 454 4333 rae.
