3570 4936
335 331 399 399 768
736 330 881 390 Caecilii
899 335 1058 408 Cypriani

331 485 424 551 fioare
446 504 559 568 aquam
573 485 677 572 potest
691 491 746 574 qui
760 489 827 575 ipse
842 494 1009 562 inmundus
1024 498 1072 562 est
1086 498 1119 562 et
1133 498 1217 579 apud
1231 517 1323 581 quem
1337 503 1463 568 sanetus

332 591 461 672 spiritus
485 608 547 657 non
572 593 642 659 est?
667 614 737 662 eum
751 597 912 679 Dominus
938 599 1024 666 diest
1043 600 1076 664 in
1092 598 1254 668 Numeris:
1278 606 1316 670 et
1336 605 1464 671 omnia

333 711 596 778 quaecumque
638 699 828 786 tetigerit
868 702 1077 768 inmundus
1113 701 1301 770 inmunda
1337 709 1462 774 erunt

333 797 390 861 aut
411 800 564 880 quomodo
579 800 740 886 baptizans
755 804 828 870 dere
843 805 934 871 alteri
956 805 1120 869 remissam
1140 808 1338 886 peecatorum
1358 813 1463 893 potest

332 899 386 983 qui
400 899 467 994 ipse
482 919 539 969 sua
552 909 678 989 peooata
692 908 842 993 deponere
856 908 943 973 extra
955 907 1116 973 eeclesiam
1130 924 1193 972 non
1206 910 1332 991 potest?
1467 936 1480 976 a

303 1009 322 1071 2
375 1002 436 1071 Sed
457 1008 490 1071 et
511 1008 579 1091 ipsa
598 1010 801 1099 interrogatio
822 1029 901 1093 quae
921 1010 958 1075 fit
979 1011 1012 1075 in
1035 1011 1195 1095 baptismo
1210 1013 1301 1079 testis
1315 1017 1364 1080 est
1378 1016 1464 1082 ueri·

332 1107 417 1174 tatis.
449 1128 523 1178 nam
552 1131 623 1180 eum
654 1114 807 1181 dicimos:
841 1112 971 1178 eredis
993 1113 1031 1179 in
1054 1113 1181 1178 uitam
1203 1118 1400 1185 aeternam
1421 1121 1464 1185 et

336 1214 606 1284 remis-sionem
646 1219 895 1303 peecatorum
931 1235 998 1299 per
1034 1217 1205 1282 sanetum
1241 1221 1461 1307 eeclesiam,

332 1315 549 1403 intellegimus
562 1322 776 1387 remissionem
797 1321 993 1402 peecatorum
1014 1336 1074 1384 non
1095 1318 1157 1385 nisi
1178 1321 1212 1385 in
1233 1322 1363 1388 ecelesia
1383 1323 1461 1402 dari,

329 1423 412 1504 apud
433 1423 605 1491 haereticos
628 1427 733 1491 autem
757 1423 812 1489 ubi
827 1422 957 1489 eeclesia
976 1441 1038 1488 non
1052 1421 1171 1487 sitnon
1185 1425 1312 1506 peecata
1326 1424 1498 1490 dimittis

313 1525 436 1619 vitaque
458 1526 512 1607 qui
535 1527 702 1593 haereticos
723 1528 880 1606 adserunt,
904 1527 960 1590 aut
979 1524 1255 1610 interrogationem
1269 1526 1393 1592 mutent
1407 1529 1464 1593 aut

330 1627 491 1693 uindioeut
502 1630 678 1710 uerit-atem,
690 1631 752 1695 nisi
760 1630 787 1694 si
795 1629 840 1695 eis
849 1632 881 1696 et
891 1629 1053 1695 eeclesiam
1064 1628 1210 1694 tribuunt
1220 1646 1296 1713 quos
1307 1628 1465 1711 baptisma

331 1728 445 1795 habero
459 1731 658 1797 contendunt.
681 1733 757 1817 ungi
772 1750 894 1817 quoque
908 1751 1031 1799 neeesse
1046 1734 1094 1797 est
1115 1752 1187 1798 eum
1209 1733 1262 1817 qui
1282 1732 1463 1815 baptizatus

332 1833 389 1909 ost,
404 1833 441 1896 nt
456 1834 582 1914 aoeepto
598 1833 765 1898 chrismate
780 1835 814 1898 id
828 1837 877 1900 est
891 1835 1035 1901 nnotione
1057 1853 1122 1900 esse
1144 1836 1257 1901 unctus
1271 1836 1329 1900 Dei
1349 1837 1382 1901 et
1404 1834 1461 1899 ha·

329 1935 403 1999 bere
422 1934 456 1998 in
477 1952 510 1997 se
531 1935 668 2017 gratiam
688 1934 806 1999 Christi
824 1937 932 2018 possit.
956 1953 1045 2018 porro
1067 1939 1174 2002 autem
1198 1937 1387 2004 eucharistia
1412 1938 1494 2002 estre

331 2036 414 2102 unde
427 2036 583 2117 baptizati
598 2039 760 2129 unguntur
774 2037 879 2102 oleum
893 2038 927 2101 in
943 2038 1035 2103 attari
1058 2038 1298 2104 sanctificatum.
1320 2039 1461 2104 sanetifi-

212 2163 214 2168 ’
337 2157 406 2204 oure
421 2141 527 2204 autem
544 2159 604 2205 non
619 2141 723 2221 potuit
738 2139 798 2204 olei
813 2141 989 2205 creaturam
1004 2140 1058 2222 qui
1072 2157 1129 2204 neo
1149 2141 1250 2205 altare
1271 2140 1384 2205 habuit
1406 2159 1463 2206 neo
1512 2226 1516 2232 ⁴

333 2241 506 2307 ecelesiam.
523 2241 604 2308 unde
618 2262 674 2308 neo
689 2241 794 2308 unctio
809 2242 961 2324 spiritalis
975 2241 1058 2325 apud
1072 2241 1245 2308 haereticos
1259 2242 1362 2324 potest
1383 2259 1460 2326 esse,

333 2345 455 2428 quando
470 2347 591 2411 ooustet
606 2347 709 2412 oleum
724 2344 910 2410 sanctificari
924 2346 956 2409 et
972 2344 1193 2411 eucharistiam
1209 2344 1276 2409 fieri
1292 2343 1374 2426 apud
1386 2343 1459 2408 illos

333 2449 459 2514 omnino
471 2467 533 2512 non
547 2467 645 2532 posse.
662 2450 740 2514 seire
755 2450 862 2512 autem
885 2448 917 2512 et
936 2446 1117 2512 meminisse
1137 2446 1286 2512 debemus
1306 2446 1458 2528 seriptum
1469 2471 1495 2511 re

330 2570 411 2618 esse:
442 2550 571 2617 oleum
591 2551 818 2635 peccatoris
839 2568 910 2616 uon
931 2552 1054 2634 ungat
1076 2552 1194 2632 eaput
1215 2568 1347 2615 meum.
1378 2548 1462 2631 quod

332 2658 404 2721 ante
419 2656 453 2720 in
467 2656 599 2738 psalmis
619 2655 815 2740 praemonuit
829 2654 958 2738 spiritus
973 2655 1109 2731 sanctus,
1133 2671 1172 2717 ne
1194 2655 1265 2736 quis
1285 2652 1461 2718 exorbitans

334 2760 365 2822 et
380 2776 399 2822 a
413 2758 467 2823 uia
482 2759 629 2825 ueritatis
645 2776 787 2824 exerrans
801 2758 884 2839 apud
898 2757 1067 2822 haereticos
1083 2758 1116 2822 et
1131 2754 1249 2822 Christi
1268 2754 1461 2822 aduersarios

431 2960 547 3015 2Num.
567 2962 607 3026 19,
625 2962 667 3016 22.

381 3133 399 3186 2
411 3115 527 3202 s'psso‘s‘
523 3131 590 3187 0130
709 3130 760 3201 est]
774 3147 803 3185 es
816 3130 844 3186 R
959 3131 988 3184 in
1000 3130 1119 3185 muueris
1132 3129 1160 3185 R
1273 3126 1366 3183 odere
1379 3126 1461 3181 alteri

331 3217 666 3272 exsideraaltareem.2
766 3216 993 3285 §emaquiae
1092 3216 1179 3284 ipsae
1276 3213 1429 3268 suamaP

329 3302 574 3373 oipraeaipseo
680 3301 814 3374 est]esR
926 3299 1214 3365 retardando
1323 3297 1458 3368 (iper...

328 3390 498 3459 peecatorum
510 3405 560 3444 ona
573 3392 600 3444 0¹
699 3388 716 3443 9
729 3387 869 3443 ecelesiam
881 3403 896 3442 o
988 3387 1022 3442 10
1032 3385 1204 3441 haeretieiso
1294 3399 1347 3439 non
1360 3384 1396 3448 L,
1407 3398 1461 3437 non

329 3490 407 3545 posse
424 3473 539 3544 GQReo,
558 3473 776 3543 nonpossuntP
931 3473 963 3526 11
976 3470 1137 3541 haeretieos]
1158 3470 1296 3541 baptizare
1307 3467 1462 3540 ponem

333 3561 399 3618 oue
468 3559 718 3630 interrogationem]
731 3575 823 3614 nooem
837 3560 868 3624 V,
880 3559 950 3613 huno
961 3574 1053 3613 uoeem
1065 3573 1100 3612 ex
1112 3572 1129 3610 a
1141 3572 1257 3612 uooeme
1326 3554 1360 3609 12
1370 3553 1461 3609 uindi-

330 3647 401 3717 oent]
414 3633 533 3702 uiuente
687 3647 712 3700 si
723 3662 773 3701 ona
788 3645 836 3699 Mo
848 3646 920 3714 (eade
936 3644 971 3715 Q)
1127 3644 1161 3697 13
1176 3642 1315 3698 contendit
1326 3641 1388 3707 ΒΡ,
1400 3657 1461 3696 oon·

328 3731 462 3802 pellunte
539 3733 626 3802 ungui
638 3732 665 3786 P
743 3730 794 3800 eet]
809 3730 846 3784 sit
859 3730 915 3801 Qoe
994 3730 1029 3785 14
1041 3729 1220 3784 charismatis
1235 3727 1259 3798 Q
1335 3727 1462 3782 unctione

329 3834 387 3872 esse
400 3821 496 3873 unctus
507 3836 531 3886 c,
545 3818 679 3872 unctionis
692 3821 817 3873 seunctns
833 3817 856 3874 0
928 3816 965 3887 et]
977 3819 1036 3872 ute
1112 3815 1146 3870 15
1157 3831 1235 3885 porro
1246 3817 1336 3869 autem
1348 3829 1416 3869 eurr.
1429 3814 1464 3868 ier

327 3889 470 3974 idipso
591 3904 809 3959 aronensem
929 3902 1061 3971 separo
1183 3900 1217 3955 re
1228 3901 1373 3971 nguine
1388 3899 1422 3956 0¹

328 3990 385 4044 oloo
396 4006 427 4045 eo
546 3989 730 4045 sanotifieatur
745 3989 789 4055 θ’,
802 3988 970 4043 sanctificato
982 3993 1032 4043 o¹v
1153 3987 1294 4042 1701eoe¹
1413 4000 1463 4039 neo

328 4091 379 4131 om.
395 4077 420 4133 0
533 4075 567 4130 18
578 4076 718 4132 ecelesiae
830 4075 865 4129 21
878 4076 982 4144 unguet
992 4070 1106 4141 o²PQc‚
1118 4074 1220 4142 urguet
1230 4072 1264 4128 0¹
1381 4072 1463 4140 eaput

313 4176 364 4217 'aa
375 4161 483 4231 apudO
600 4163 635 4217 22
646 4162 719 4234 ente]
732 4162 824 4216 autem
840 4161 890 4217 GR
1002 4159 1176 4215 exhorbitans
1192 4158 1216 4228 Q
1328 4157 1364 4212 23
1375 4172 1393 4211 a
1403 4155 1462 4226 uia]

329 4251 394 4329 aute
406 4249 434 4305 R
537 4265 641 4304 exseras
653 4249 677 4304 0
778 4247 884 4318 christi]
896 4246 961 4303 odd.
971 4245 1013 4304 R:
1027 4228 1114 4301 s'os‘ne
1125 4244 1187 4314 quis
1197 4243 1349 4299 exorbitans
