3570 4936
309 350 373 418 826
708 349 856 406 Caecilii
873 350 1032 422 cypriani

258 511 299 574 tt
351 505 437 572 Haec
459 505 591 591 apostoli
611 508 759 574 mandata
779 511 812 575 et
833 509 954 575 monita
977 506 1127 573 salntafia
1147 524 1242 588 quarn
1265 506 1436 592 diligenter

308 605 482 690 Stephanus
503 609 659 694 impleuit,
685 609 901 679 humilitatem
922 629 1029 678 sensns
1050 612 1083 676 et
1101 607 1263 675 lenitatem
1284 609 1384 693 primo
1398 610 1433 676 in

307 709 374 776 loco
404 731 540 779 seruans.
571 715 646 797 qnid
671 717 755 783 enim
780 716 933 783 humilius
960 715 1015 780 aut
1040 711 1141 778 lenius
1165 731 1259 795 quarn
1284 732 1356 779 cnm
1383 715 1434 779 tot

308 813 459 898 episcopis
484 835 539 900 per
558 819 663 885 totum
683 822 837 888 mnndum
858 818 1049 897 dissensisse,
1075 835 1183 899 pacem
1204 834 1277 882 cum
1297 816 1433 903 singulis

297 917 394 993 ,uario
408 918 576 987 dbcordiae
590 940 700 1009 genere
714 924 921 1006 rumpentem,
937 919 1028 985 modo
1039 937 1110 984 cum
1121 919 1333 1000 orientalibus,
1348 919 1455 1004 quoda

307 1039 364 1087 nec
382 1039 438 1088 uos
458 1021 555 1091 latere
574 1026 767 1106 confidimns,
788 1025 879 1091 modo
900 1022 1061 1089 nobiscum
1081 1022 1135 1104 qui
1149 1022 1183 1087 in
1197 1020 1329 1089 meridie
1344 1023 1431 1102 eatis,

307 1123 453 1207 aquibus
474 1126 592 1212 legatos
612 1130 770 1215 episcopos
789 1127 945 1210 patienter
964 1125 1041 1192 satis
1061 1126 1093 1191 et
1107 1125 1220 1190 leniter
1242 1125 1381 1208 suscepit
1395 1126 1434 1190 nt

308 1244 429 1295 cosnec
443 1229 483 1294 ad
497 1249 668 1299 sermonem
688 1232 802 1298 saltem
817 1229 963 1313 colloquii
978 1227 1150 1294 communis
1164 1227 1356 1312 admitteret,
1377 1227 1434 1293 ad-

307 1327 368 1395 hnc
382 1329 507 1416 insuper
522 1333 696 1402 dilectionis
710 1336 743 1400 et
754 1333 896 1400 caritatis
909 1349 1028 1398 memor
1041 1330 1230 1414 praeciperet
1240 1330 1433 1397 fraternitati

308 1434 470 1501 uniuersae
490 1455 530 1503 ne
548 1442 617 1521 quis
637 1438 688 1504 eos
703 1438 737 1503 in
752 1436 887 1501 domum-
899 1453 988 1502 snam
1008 1435 1167 1518 reciperet,
1183 1434 1220 1498 ιιι
1234 1433 1431 1500 uenientibus
1441 1456 1469 1497 ιο

308 1553 369 1602 non
390 1539 491 1604 solnm
512 1559 571 1622 par
582 1543 616 1608 et
631 1540 807 1607 communio
822 1539 877 1606 sed
892 1539 924 1605 et
938 1539 1057 1605 tectum
1071 1540 1103 1604 et
1117 1537 1288 1620 hospitium
1302 1554 1433 1622 nogare-

306 1641 368 1705 tur.
396 1640 454 1707 boc
474 1644 522 1708 eet
542 1661 680 1710 seruasse
701 1645 855 1710 unitatem
874 1643 1004 1727 spiritus
1024 1643 1057 1708 in
1070 1640 1317 1707 coniunctionem
1336 1639 1432 1722 pacis,

306 1742 464 1809 abscidere
475 1763 494 1809 a
505 1746 644 1812 caritatis
655 1748 776 1812 unitate
788 1746 968 1812 stelionum
982 1764 1038 1828 per
1052 1744 1155 1812 omnia
1168 1741 1317 1809 iratribus
1331 1740 1433 1807 iacere

306 1846 340 1909 et
367 1848 474 1911 contra
506 1850 733 1912 sacramentnm
762 1850 795 1912 et
823 1848 985 1912 uinculum
1013 1849 1099 1931 pacis
1127 1845 1230 1912 furore
1262 1843 1433 1911 discordiae

306 1946 463 2013 rebellare.
487 1947 569 2031 apud
589 1949 684 2016 talem
706 1951 810 2032 potest
830 1968 896 2014 esse
916 1968 1014 2015 unnrn
1027 1968 1136 2031 corpus
1150 1952 1182 2014 et
1196 1968 1276 2014 nnus
1292 1947 1468 2030 spirituaii

306 2051 389 2134 apud
403 2071 496 2134 quem
511 2052 641 2118 fortasse
655 2053 723 2135 ipsa
737 2053 844 2118 anima
858 2071 920 2117 una
934 2069 994 2117 non
1009 2054 1058 2117 est
1071 2052 1117 2117 sic
1131 2051 1252 2115 lubrica
1262 2052 1295 2114 et
1305 2049 1433 2115 mobilis

306 2158 340 2220 et
350 2155 494 2220 ineerta?
508 2157 565 2223 sed
573 2157 725 2238 quantum
735 2155 775 2221 ad
786 2155 878 2219 illum
892 2155 1038 2236 pertinet,
1052 2153 1276 2235 relinquamus.
1292 2153 1432 2218 excutia-

307 2276 378 2323 mus
397 2258 503 2340 potius
516 2258 550 2324 id
564 2258 603 2324 de
617 2277 678 2340 quo
698 2257 910 2323 cummaxime
931 2256 1070 2340 quaestio
1090 2257 1146 2321 est.
1168 2256 1223 2338 qui
1243 2254 1434 2320 contendunt

308 2361 348 2427 ab
371 2360 536 2428 haereticis
558 2361 731 2445 baptizatos
752 2361 797 2425 sic
819 2359 915 2442 recipi
941 2360 1081 2442 oportere
1106 2360 1269 2440 tamquam
1294 2357 1433 2441 legitimi

306 2462 456 2546 baptismi
479 2464 612 2549 gratiam
634 2464 822 2547 consecutos,
848 2482 944 2528 unum
964 2461 1053 2528 nobis
1073 2463 1166 2544 atque
1185 2459 1252 2526 illis
1272 2459 1430 2542 baptisma
1442 2484 1472 2526 ao

306 2565 496 2634 denotasse
511 2567 585 2631 etin
599 2566 686 2632 nullo
702 2565 883 2649 discrepare.
900 2564 955 2631 sed
970 2564 1046 2647 qnid
1060 2563 1106 2629 ait
1120 2562 1278 2646 apostolus
1288 2562 1433 2628 Paulus?

305 2688 401 2752 unns
433 2671 633 2749 Dominus,
671 2689 745 2735 una
781 2669 899 2748 fides,
936 2687 1049 2733 unum
1085 2666 1297 2750 baptisma,
1334 2685 1433 2732 nnus

176 2846 181 2855 ί
305 2773 416 2838 Deus.
440 2773 579 2838 ainnnm
600 2776 694 2857 atque
716 2773 800 2838 idem
821 2773 868 2839 eet
886 2791 958 2837 cnm
970 2773 1076 2837 nostro
1091 2770 1247 2855 baptisma
1260 2767 1433 2834 haeretico-

305 2895 386 2954 rum,
411 2875 478 2942 sine
497 2874 592 2942 dnbio
607 2878 641 2941 et
653 2875 730 2940 fides
745 2894 808 2941 nna
822 2875 879 2941 est.
906 2874 934 2939 si
949 2876 1055 2940 autem
1071 2871 1148 2938 fides
1164 2890 1227 2936 una
1242 2871 1299 2950 est,
1323 2869 1433 2953 ntique

305 2978 337 3043 et
358 2978 512 3044 Dominus
531 2996 621 3043 nnus.
647 2979 675 3043 si
695 2979 847 3044 Dominus
867 2996 949 3043 unus
969 2979 1025 3056 eet,
1052 2992 1239 3058 consequens
1260 2975 1308 3040 est
1328 2972 1468 3039 dicereas

304 3080 378 3164 qnia
391 3082 414 3164 †
429 3099 509 3146 unns
524 3084 581 3148 est.
607 3082 754 3148 siautem
776 3083 851 3149 haee
873 3083 978 3148 unitas
1000 3099 1077 3164 quae
1099 3079 1236 3163 separari
1257 3077 1381 3144 omnino
1397 3077 1431 3142 et

305 3183 407 3249 diuidi
421 3201 482 3249 non
496 3186 599 3267 potest
613 3185 709 3250 etiam
724 3185 806 3268 apud
821 3184 992 3250 haereticos
1005 3184 1074 3267 ipsa
1088 3184 1146 3264 est,
1167 3180 1242 3264 quid
1257 3179 1343 3245 ultra
1357 3197 1431 3245 con·

303 3289 484 3354 tendimus?
503 3291 539 3353 ut
559 3287 635 3371 qnid
657 3287 729 3353 illos
750 3278 920 3354 haereticos
934 3290 966 3353 et
979 3304 1041 3353 non
1062 3283 1245 3351 christianos
1260 3284 1432 3348 coeamus?

303 3408 401 3476 porro⁴
416 3410 487 3457 curn
508 3391 597 3456 nobis
621 3394 653 3457 et
672 3390 838 3456 haereticis
861 3410 917 3457 nec
932 3389 1016 3456 Deus
1039 3406 1119 3454 unns
1143 3387 1186 3452 sit
1206 3404 1263 3452 nec
1276 3384 1431 3450 Dominus

304 3512 385 3559 unus
406 3511 462 3559 nec
483 3513 545 3559 una
568 3494 697 3560 ecclesia
718 3512 775 3560 nec
796 3492 872 3559 fides
893 3511 964 3572 nna,
991 3492 1045 3559 sed
1063 3511 1120 3558 nec
1135 3507 1215 3555 nnus
1229 3487 1360 3572 spiritus
1375 3487 1468 3553 anteo

354 3679 372 3732 5
383 3678 513 3733 discordis
526 3679 558 3734 E
681 3681 698 3735 6
710 3678 871 3735 confidemus
884 3678 920 3751 θ’
937 3679 1103 3750 (confidimns
1115 3676 1198 3749 W)
1324 3674 1358 3730 12
1369 3689 1432 3728 oon·

302 3762 441 3819 iunctione
453 3765 498 3819 lib
609 3766 643 3822 13
654 3766 838 3823 abscindereo
949 3767 1067 3821 alienum
1078 3783 1135 3822 seo
1246 3763 1281 3818 14
1292 3760 1432 3816 uinculum

302 3849 376 3918 pacis
394 3850 436 3916 M,
458 3852 622 3908 contumacis
641 3850 665 3923 Q
683 3853 732 3907 scd
753 3869 833 3917 corr,
855 3853 1019 3909 contumacis
1031 3853 1068 3918 E,
1088 3851 1167 3906 iidem
1186 3848 1350 3906 contumacis
1362 3847 1397 3903 Ic

303 3935 337 3990 15
354 3936 485 3992 reuellere
500 3936 581 4009 dDQ
735 3939 769 3994 18
786 3939 963 3995 cummaxime
975 3939 1056 4010 Ep,
1076 3937 1251 3994 cummaxime
1267 3933 1349 4005 ΜΨ,
1371 3935 1431 3986 tum

301 4021 458 4088 inanimal,
473 4024 617 4080 maximae
765 4025 800 4080 19
811 4024 1004 4096 legitimamQ
1152 4023 1281 4078 iiunnm
1292 4019 1431 4090 baptism

301 4106 420 4177 ortEQ
526 4110 812 4183 23nnumlnnua1tQ
922 4111 1212 4184 bbnnus]nnnaertc
1318 4104 1433 4174 atqua

302 4209 371 4248 nnus
389 4193 486 4264 EIQ²,
508 4195 572 4264 qnia
588 4197 613 4250 si
629 4213 699 4252 nnus
716 4196 797 4267 W,
818 4198 883 4269 qnia
902 4197 994 4252 unitas
1015 4199 1086 4253 coni.
1103 4196 1260 4262 Pometiam
1281 4190 1346 4262 qnia
1366 4187 1431 4244 dem

303 4294 373 4333 nnus
384 4280 455 4334 coni
468 4280 579 4351 Roatb5
590 4280 657 4347 sort.
670 4283 736 4353 qnia
747 4299 792 4354 sps
803 4300 873 4338 unna
979 4283 1014 4338 28
1025 4282 1066 4353 ut]
1078 4286 1128 4338 aut
1138 4283 1206 4339 cont
1219 4280 1328 4349 Roatb5
1340 4280 1389 4337 aed
1399 4273 1434 4328 ut

301 4363 367 4435 quid
380 4391 409 4410 ι·
425 4369 473 4420 ἴνα
484 4371 515 4420 τί
