3570 4936
559 396 741 468 Epistulae
758 396 880 451 LXXV.
898 413 921 452 c.
938 397 1033 453 9-10.
1295 395 1358 464 817

235 553 295 619 bus
317 555 412 637 atque
433 556 467 621 in
489 555 568 622 alias
592 553 755 640 regionum
779 555 884 638 partes
909 555 1143 621 transeuntibus
1170 553 1251 641 (erat
1275 553 1360 620 enim

231 658 414 725 uameundi
434 659 569 727 facultas
583 678 619 726 eo
633 658 716 743 quod
735 657 909 740 persecutio
929 658 987 723 illa
1000 676 1063 724 non
1076 677 1132 742 per
1145 659 1251 725 totum
1266 677 1360 723 mun·

190 799 193 805 >
228 761 306 827 dum
328 762 384 827 sed
405 764 515 830 localis
537 762 673 850 fnisset),
700 761 827 829 emersit
848 761 923 827 istic
947 761 1051 828 subito
1073 763 1225 847 quaedam
1246 760 1361 827 mulier

227 881 306 948 quae
317 863 351 929 in
366 867 486 933 extasin
507 868 677 933 constituta
690 866 859 951 propheten
873 883 906 932 se
920 866 1090 950 praeferret
1105 866 1138 933 et
1151 864 1242 950 quasi
1253 865 1359 930 sancto

208 968 347 1052 »spiritu
370 969 462 1052 plena
483 971 528 1036 sic
547 973 660 1055 ageret
687 970 734 1036 ita
754 971 861 1036 autem
884 968 1105 1052 principalium
1126 967 1359 1035 daemoniorum

228 1071 350 1156 impetu
373 1073 530 1142 ferebatur
544 1078 581 1141 ut
593 1094 648 1159 per
668 1076 798 1162 longum
817 1075 943 1157 tempus
957 1072 1143 1139 sollicitaret
1158 1076 1191 1139 ct
1204 1071 1360 1153 deciperet

231 1174 472 1258 fraternitatem,
498 1178 697 1244 admirabilia
720 1179 873 1262 quaedam
894 1179 926 1243 et
946 1177 1124 1260 portentosa
1146 1175 1305 1259 perficiens
1327 1175 1361 1240 et

231 1278 335 1346 facere
348 1298 382 1346 se
396 1282 514 1349 terram
536 1282 655 1348 moueri
676 1282 888 1365 polliceretur:
915 1300 977 1347 non
1000 1281 1083 1365 quod
1105 1281 1248 1347 daemoni
1269 1280 1361 1345 muta

234 1386 317 1448 esset
329 1385 467 1466 potestas
482 1386 519 1450 ut
532 1388 647 1451 terram
662 1403 786 1452 mouere
801 1386 858 1451 aut
873 1386 1063 1452 elementum
1076 1387 1240 1452 concutere
1254 1384 1288 1449 ui
1303 1401 1360 1449 sua

197 1486 366 1565 roualeret,
393 1487 448 1552 sed
470 1488 552 1571 quod
574 1506 805 1571 nonnumquam
827 1506 961 1570 nequam
982 1488 1113 1572 spiritus
1133 1487 1306 1570 praesciens
1328 1487 1361 1550 et

236 1588 421 1674 intellegens
440 1592 541 1655 terrae
553 1592 675 1655 motum
689 1589 834 1654 futurum
848 1589 882 1655 id
896 1608 929 1654 se
944 1588 1101 1656 facturum
1116 1610 1182 1656 esse
1197 1588 1361 1654 simularet

231 1693 314 1776 quod
340 1691 483 1757 futurum
505 1692 634 1758 uiderat.
660 1692 774 1773 quibus
796 1692 966 1757 mendaciis
987 1695 1020 1757 et
1039 1693 1261 1758 iactationibus
1283 1690 1359 1755 snb·

234 1796 341 1879 egeram
355 1796 478 1859 mentes
492 1794 686 1877 singulorum
701 1794 738 1858 ut
751 1793 813 1857 sibi
828 1793 1008 1859 oboedirent
1021 1798 1053 1860 et
1064 1813 1256 1878 quocumque
1269 1811 1360 1878 prae-

231 1897 351 1980 ciperet
371 1897 403 1960 et
423 1896 551 1961 duceret
575 1897 785 1980 sequerentur,
807 1895 924 1962 faceret
945 1914 1066 1979 quoque
1086 1897 1250 1963 mulierem
1270 1895 1361 1960 illam

205 1997 337 2064 neruda
357 1997 460 2063 hieme
481 1999 573 2065 nudis
595 1998 725 2084 pedibus
747 2020 803 2084 per
823 2019 948 2083 asperas
967 1999 1056 2064 niues
1077 2001 1123 2064 ire
1137 2019 1193 2066 nec
1208 1999 1311 2064 uexari
1326 1998 1360 2064 in

233 2102 340 2185 aliquo
361 2105 417 2168 aut
436 2102 519 2168 laedi
534 2104 592 2169 illa
607 2105 805 2183 discursione,
827 2105 943 2170 diceret
957 2105 1055 2169 etiam
1069 2123 1103 2169 se
1116 2104 1150 2169 in
1164 2103 1314 2168 Iudaeam
1328 2107 1361 2165 et

234 2205 487 2289 Hierosolymam
509 2207 654 2272 festinare
674 2207 793 2292 fingens
814 2210 977 2290 tamquam
997 2207 1070 2271 inde
1090 2206 1235 2270 uenisset.
1262 2204 1361 2269 hicet

229 2327 330 2373 unum
345 2308 383 2372 de
398 2310 587 2393 presbyteris
602 2310 776 2386 Rusticum,
797 2310 875 2375 item
890 2311 923 2375 et
937 2309 1036 2374 alium
1057 2307 1220 2372 diaconum
1236 2305 1359 2384 fefellit,

232 2414 270 2476 ut
281 2410 383 2476 eidem
396 2412 522 2477 mulieri
537 2413 825 2478 commiscerentur:
842 2413 923 2495 quod
938 2412 1031 2495 paulo
1046 2413 1117 2494 post
1131 2410 1290 2474 detectum
1301 2413 1358 2475 cst.

198 2533 310 2580 arnam
329 2515 434 2578 subito
454 2516 599 2600 apparuit
621 2516 671 2581 illi
685 2534 765 2581 unus
780 2515 818 2580 de
833 2515 992 2580 exorcistis
1006 2515 1057 2579 nir
1071 2514 1218 2596 probatus
1233 2515 1265 2576 et
1278 2513 1362 2578 circa

230 2616 412 2700 religiosam
424 2618 621 2700 disciplinam
633 2620 708 2684 bene
720 2637 841 2702 semper
855 2619 1064 2695 conuersatus‚
1080 2618 1134 2699 qui
1150 2617 1361 2682 exhortatione

232 2737 354 2802 quoque
376 2719 510 2784 fratrum
534 2720 740 2802 plurimorum
762 2722 816 2802 qui
832 2723 864 2785 et
878 2721 940 2803 ipsi
964 2720 1061 2785 fortes
1084 2738 1120 2784 ac
1140 2719 1314 2785 laudabiles
1327 2721 1362 2784 in

231 2821 293 2887 fide
315 2820 445 2887 aderant
468 2822 621 2888 excitatus
645 2822 743 2888 erexit
764 2840 797 2887 se
813 2823 920 2888 contra
942 2822 1035 2887 illum
1057 2823 1206 2906 spiritum
1229 2840 1362 2904 nequam

232 2923 474 2990 reuincendum:
501 2926 566 3007 qui·
581 2925 692 2990 subtili
717 2923 843 2990 fallacia
866 2925 961 2990 etiam
983 2925 1042 2989 hoc
1063 2925 1156 3007 paulo
1177 2927 1250 2990 ante
1272 2944 1361 3008 prae·

201 3028 358 3093 adherat
380 3030 549 3094 uenturum
572 3029 723 3110 quendam
745 3046 889 3094 auersum
904 3028 937 3093 et
950 3028 1171 3111 temptatorem
1194 3026 1360 3092 infidelem.

232 3133 341 3196 tamen
360 3130 416 3195 ille
437 3131 588 3196 exorcista
603 3131 773 3212 inspiratus
787 3131 847 3196 Dei
862 3130 964 3216 gratia
978 3128 1103 3196 fortiter
1116 3129 1235 3195 restitit
1249 3133 1281 3195 et
1296 3149 1363 3196 esse

232 3233 327 3298 illum
348 3233 573 3316 nequissimum
595 3234 740 3318 spiritum
760 3234 815 3316 qui
833 3235 920 3316 prius
935 3235 1061 3299 sanctus
1075 3232 1245 3314 putabatur
1258 3235 1363 3299 osten·

235 3337 294 3402 dit.
326 3337 414 3419 atqui
439 3337 497 3401 illa
522 3337 636 3402 mulier
661 3355 739 3419 quae
764 3338 851 3421 prius
876 3356 931 3419 per
955 3335 1140 3419 praestigias
1166 3336 1197 3401 et
1222 3335 1363 3402 fallacias

287 3540 557 3611 lpartesregicnum
570 3541 604 3597 Ic
740 3540 799 3595 det
809 3542 905 3594 mersit
920 3539 990 3610 ΟΜ·
1126 3539 1297 3594 demini!
1307 3542 1362 3607 (ex-

233 3627 321 3681 stasin
335 3626 370 3697 Q)
483 3627 601 3695 profetin
615 3625 639 3697 Q
753 3626 937 3680 eruebantur
948 3626 981 3681 Ε
1090 3626 1150 3680 lac
1162 3624 1332 3680 mirabiliaI

235 3714 446 3784 portentuoseI
532 3713 714 3767 literram...
729 3712 900 3767 t9utudd.
914 3713 1168 3782 limorstorp.
1260 3712 1363 3767 moueri

235 3798 356 3869 oucEQ
463 3797 660 3854 demonitanta
673 3799 705 3870 Q,
718 3798 986 3854 demonintantaE
1090 3798 1219 3869 9nisua]
1232 3799 1362 3866 uisuEI,

230 3885 280 3940 aed
292 3885 342 3940 Ia.
355 3884 469 3939 tuelui
582 3885 616 3939 10
626 3901 806 3955 nonumquam
820 3884 847 3950 1,
858 3902 911 3940 non
922 3885 979 3956 EQ
1086 3884 1199 3954 spiritus
1210 3900 1325 3954 nequam
1336 3901 1361 3949 c,

230 3970 344 4041 spiritus
357 3971 380 4025 I
424 4018 439 4050 ,
475 3971 509 4025 14
520 3986 572 4040 quo
583 3996 610 4025 a
621 3987 671 4041 quc
683 3972 718 4038 Ε,
732 3958 844 4041 quocuq.
861 3971 885 4042 Q
978 3971 1028 4025 illa
1039 3970 1113 4042 ΜΨ
1208 3970 1241 4025 15
1252 3971 1363 4026 crudam

230 4056 347 4112 hiemem
359 4056 431 4128 ΜΟ·
528 4057 560 4112 l‘l
572 4057 772 4112 hierusolimam
785 4057 839 4129 BQ
934 4057 968 4112 18
978 4053 1364 4129 rusticnmataitfmgoiprov

230 4144 327 4202 Boseth
417 4143 546 4214 etom·Q
642 4143 820 4215 lomello*
915 4141 1192 4230 ilexortaticneme
1282 4144 1364 4200 alud

230 4230 421 4286 reuineendum
433 4232 502 4286 coni.
516 4229 611 4286 muru
728 4230 762 4285 27
780 4229 917 4301 spiritum]
929 4247 984 4286 non
995 4231 1038 4284 est
1048 4244 1108 4299 epm
1123 4228 1160 4285 Μ
1162 4228 1198 4300 Q·
1201 4250 1212 4298 ;
1223 4229 1289 4296 t‘ort
1301 4229 1363 4286 dse-

230 4317 319 4374 mcnis
331 4318 459 4388 spiritum
536 4317 585 4387 qui
601 4317 795 4388 putabetnrfl
810 4318 931 4388 (quiouu
945 4316 980 4391 Q)
1055 4315 1189 4388 28atqni]
1202 4319 1284 4387 atque
1294 4315 1365 4388 1510

335 4425 386 4472 m.
1116 4405 1159 4472 52
