3570 4936
696 354 854 426 Epistula
870 353 1119 410 xvnIL-x-x.
1264 373 1268 381 ’
1403 354 1467 423 527

617 608 1013 723 EPISTVLA
1048 610 1164 729 XX.

336 817 542 880 curamuvs
557 816 797 875 senseramus
814 815 860 872 m
875 815 1098 874 omooumvs
1115 814 1239 873 sousa
1258 816 1465 875 conuersu-

720 901 824 959 msvs
841 901 1087 977 scammuse.
1471 931 1475 942 .

375 1086 534 1176 'Quoniam
548 1095 680 1181 cooperi,
697 1095 809 1162 iratres
824 1095 988 1175 carissimi,
1004 1095 1109 1162 minus
1122 1092 1308 1176 simpliciter
1319 1095 1351 1158 et
1361 1094 1491 1162 minusl

312 1198 474 1270 slideliter
499 1199 589 1268 uobis
615 1199 786 1266 renuntiari
814 1217 892 1282 quae
917 1199 971 1265 hie
997 1199 1128 1266 anobis
1155 1198 1188 1263 et
1215 1197 1305 1283 gesta
1331 1199 1405 1263 sunt
1432 1200 1465 1264 et

336 1304 496 1391 geruntur,
524 1303 730 1372 remesarium
756 1301 831 1368 duxi
851 1302 908 1368 bas
929 1302 970 1368 ad
990 1319 1047 1368 uos
1068 1301 1192 1367 litteras
1212 1300 1323 1378 iacere,
1351 1299 1464 1383 quibus
1534 1369 1538 1376 ,

332 1407 423 1475 uobis
445 1408 533 1474 actus
554 1407 655 1489 nostri
669 1408 701 1473 et
715 1405 897 1489 disciplinae
916 1407 948 1471 et
969 1404 1153 1492 diligentiae
1171 1404 1253 1470 ratio
1274 1391 1486 1470 raonem
1581 1432 1586 1440 ·

332 1531 417 1579 uam·
436 1512 519 1577 mont
538 1509 668 1576 Domini
689 1507 836 1574 mandata
857 1507 1028 1586 instruunt,
1056 1509 1125 1573 orto
1146 1506 1257 1573 statim
1275 1505 1464 1573 turbationis

270 1611 274 1620 ’
332 1613 454 1697 impetu
481 1614 594 1698 primo,
624 1629 696 1678 oum
722 1628 772 1678 me
793 1612 928 1677 clamore
957 1610 1096 1677 uiolento
1127 1610 1302 1693 frequenter
1330 1611 1462 1693 populus

297 1717 517 1802 reflagitasset,
553 1732 614 1781 nou
642 1715 709 1780 tam
737 1733 840 1780 meam
869 1714 1006 1780 salutem
1036 1732 1130 1797 quam
1161 1713 1297 1796 quictem
1329 1713 1462 1781 fratrum

332 1818 494 1904 publicam
520 1818 659 1904 cogitans
679 1817 807 1884 interim
828 1816 951 1896 secessi,
978 1835 1018 1883 ne
1038 1834 1094 1900 per
1115 1816 1354 1883 inuerecundam
1373 1835 1463 1900 prae·

335 1920 473 1988 sentiam
493 1922 632 1988 nostram
650 1920 764 1995 seditio
787 1938 864 2003 quae
886 1920 1029 2004 coeperat
1049 1919 1122 2004 plus
1142 1921 1371 2004 prouocarotur.
1405 1919 1462 1987 ab-

333 2043 404 2092 sens
424 2026 532 2091 tauma
553 2042 677 2110 corpore
697 2042 754 2090 nec
775 2023 890 2107 spiritu
909 2041 967 2090 nec
988 2025 1062 2089 actu
1082 2041 1140 2089 uec
1161 2022 1290 2089 monitis
1311 2022 1391 2091 meis
1406 2016 1469 2089 cle:

332 2128 456 2212 iniquo
475 2129 581 2194 miuus
602 2128 771 2194 seeundum
792 2126 921 2193 Domini
941 2129 1107 2211 praecepta
1128 2126 1278 2194 fratribus
1299 2128 1413 2193 nostris
1426 2127 1486 2194 in-

296 2231 448 2315 uquibua
468 2248 591 2316 possem
612 2249 683 2298 mea
704 2230 917 2298 mediocritate
939 2223 1141 2297 consulerem.

372 2335 417 2401 ut
445 2333 523 2417 quid
555 2333 672 2419 egerim
704 2333 849 2400 locuntur
880 2333 971 2399 uobis
1000 2333 1155 2417 epistulae
1183 2353 1239 2418 pro
1268 2334 1488 2416 temporibus2

332 2437 464 2503 emissae
489 2455 618 2503 numero
645 2436 805 2515 trodecm,
834 2455 910 2519 quas
937 2435 978 2500 ad
1005 2454 1061 2502 uos
1091 2435 1262 2514 transmisi,
1290 2436 1458 2518 inquibus

328 2557 386 2605 nec
407 2539 490 2605 clero
511 2538 676 2604 consilium
697 2556 752 2604 nec
774 2537 999 2603 maiessoribue
1022 2537 1194 2603 exhortatio
1211 2555 1267 2604 nec
1286 2538 1458 2605 extorribus

330 2641 453 2724 quaudo
475 2639 613 2723 oportuit
633 2639 808 2724 obiurgatio
827 2658 883 2706 uec
905 2639 1069 2705 uniuersae
1090 2639 1283 2706 fraternitati
1296 2640 1337 2706 acl
1351 2640 1458 2724 (lepre-

294 2742 463 2810 aocandam
476 2741 536 2809 Dei
555 2741 801 2808 misericordiam
823 2741 980 2807 adlocutio
1001 2744 1033 2807 et
1046 2742 1205 2825 persuasio
1226 2745 1333 2809 nostra
1347 2743 1457 2823 deluit,
1575 2767 1577 2770 ·

330 2846 485 2928 quantum
506 2843 676 2911 secundum
696 2843 798 2928 legem
819 2843 894 2910 fidei
908 2845 941 2910 et
954 2843 1102 2910 timorem
1117 2845 1175 2911 Dei
1190 2847 1323 2914 Domino
1343 2865 1458 2934 sugge-

328 2949 417 3015 rente
437 2948 544 3014 nostra
564 2946 761 3014 mediocritas
782 2946 886 3029 potuit
908 2945 996 3013 eniti.
1019 2949 1127 3031 postea
1148 2967 1242 3031 quam
1256 2967 1329 3015 uero
1344 2951 1376 3017 et
1391 2953 1457 3017 tor·

330 3050 439 3117 menta
464 3053 627 3129 uenerunt,
655 3051 722 3116 siue
748 3049 813 3115 iam
839 3049 933 3116 tortis
958 3049 1110 3116 fratribus
1131 3053 1245 3118 nostris
1267 3053 1335 3119 siue
1357 3053 1458 3121 adhuc

329 3155 367 3219 ut
387 3153 604 3236 torquerentur
628 3152 767 3232 inclusis,
795 3152 836 3218 sel
857 3154 1095 3221 corroborandos
1118 3154 1150 3220 et
1171 3154 1384 3223 confortandos
1406 3176 1457 3226 eos

229 3333 234 3342 Ι
297 3256 438 3322 arnostor
458 3273 557 3322 sermo
578 3256 761 3341 penetrauit.
789 3255 868 3321 item
890 3274 963 3322 cum
984 3257 1191 3342 conperiseem
1213 3277 1264 3325 eos
1286 3259 1339 3342 qui
1361 3262 1457 3327 sacri-

379 3492 468 3565 Epist
485 3493 544 3550 XX.
562 3523 594 3537 -
612 3494 715 3566 Incipit
732 3494 767 3551 ei
783 3495 883 3551 clerum
899 3495 1000 3552 Romae
1016 3497 1052 3564 F,
1072 3497 1176 3569 Incipit
1193 3498 1228 3555 sd
1244 3499 1378 3560 &manos
1391 3503 1456 3571 DN,

232 3575 235 3582 '
327 3578 431 3649 Incipit
447 3580 567 3662 eiusdem
583 3581 698 3636 secunda
716 3581 747 3652 Q.
767 3611 800 3623 -
816 3581 835 3636 4
852 3582 981 3653 comperit
997 3583 1025 3640 L
1093 3585 1157 3640 bet
1174 3587 1262 3658 gesta]
1280 3589 1400 3662 gestae

327 3665 346 3721 6
363 3666 529 3722 accamanus
546 3668 586 3722 12¹
655 3666 672 3722 8
689 3668 862 3724 instruuntur
878 3668 902 3739 Q
919 3668 1103 3739 (instruuntur
1121 3673 1149 3725 ct
1161 3671 1209 3741 Μ)
1278 3675 1338 3729 orto
1355 3691 1405 3732 om.
1422 3675 1455 3748 Q,

329 3749 468 3807 bortosN
531 3752 691 3808 9uioleuteo
707 3754 952 3825 Q(uiolentiorM)
1022 3758 1057 3812 10
1067 3757 1240 3831 snsmmo
1307 3761 1341 3817 11
1354 3761 1457 3818 inuare-

330 3834 501 3908 cundiamQ
568 3839 688 3920 nqueo
708 3839 1049 3913 Qsorlqs.t(useM)
1120 3842 1457 3905 maismacenses

329 3922 404 3978 enim
415 3937 477 3994 esp.
529 3926 651 3997 monitis]
663 3927 783 3983 molestis
794 3927 826 3984 F
877 3928 953 3985 defui
967 3927 999 4000 Q,
1012 3927 1104 3985 decuit
1114 3929 1205 3986 FLN
1268 3933 1301 3987 16
1313 3934 1382 4004 quod
1393 3934 1425 3989 F

330 4008 480 4065 uniisse
497 4009 556 4082 ΝΟ
632 4011 666 4068 18
683 4013 824 4069 consilium
841 4030 931 4070 mcum
950 4013 974 4086 Q
1052 4015 1261 4072 confessionibus
1278 4019 1310 4074 F
1383 4036 1456 4077 exor-

304 4113 309 4122 ·
327 4095 399 4151 tatio
416 4111 466 4152 neo
481 4095 519 4166 L,
536 4097 733 4154 exhortationes
750 4101 785 4155 N
849 4101 883 4156 19
899 4102 1084 4157 fraternitatis
1102 4102 1138 4158 N
1200 4103 1235 4157 22
1252 4105 1318 4159 initi
1338 4105 1361 4177 Q
1395 4116 1400 4132 ’
1428 4111 1456 4163 et

299 4201 307 4212 ¹
326 4196 378 4236 oss
395 4181 428 4238 F
504 4182 540 4238 23
556 4183 647 4254 tortis]
665 4185 805 4240 tormentis
825 4186 858 4243 F
933 4188 968 4244 24
984 4187 1175 4245 confortandos
1191 4188 1342 4263 Fauor,
1360 4192 1455 4250 coufir-

325 4267 436 4323 mamlos
454 4285 472 4325 o
540 4267 575 4324 25
592 4270 749 4340 comperisse
766 4270 800 4327 N
