3570 4936
648 344 830 430 sparsurae
846 329 995 413 axam.
1014 375 1035 413 a
1055 359 1165 415 re-aa
1404 356 1468 421 195

339 519 455 585 occisos
480 516 559 583 dicit
581 532 670 601 posse
693 511 848 598 proficere,
874 512 1008 597 gloriam
1031 515 1076 579 eis
1099 517 1132 580 et
1153 532 1296 581 coronam
1316 511 1468 596 passionis

336 619 510 706 adsignant.
532 618 615 703 quod
630 619 658 684 si
673 615 829 683 haeretico
848 633 904 681 nec
925 615 1082 699 baptisma
1102 618 1247 700 publicae
1266 616 1467 683 confessionis

336 726 370 791 et
384 721 546 807 sanguinis
567 720 713 805 proficere
727 718 767 784 ad
781 718 915 783 salutem
930 719 1043 803 potest,
1064 721 1138 802 quia
1158 720 1244 786 salus
1264 721 1350 786 extra
1368 719 1467 785 eccle-

339 828 418 894 siam
438 843 500 890 non
515 824 573 902 est,
595 823 710 906 quanto
731 821 834 906 magis
849 821 878 886 ei
891 819 973 886 nihil
992 821 1139 901 proderit,
1161 823 1189 889 si
1203 824 1237 889 in
1249 823 1373 890 latebra
1387 824 1419 888 et
1432 822 1466 889 in

309 953 321 988 a
340 929 496 995 latronum
518 926 666 1011 spelunca
685 923 842 990 adulterae
862 941 959 1007 aquae
980 923 1121 1008 contagio
1136 925 1253 992 tinctus
1266 944 1328 993 non
1341 927 1467 994 tantum

337 1031 464 1116 peccata
478 1030 610 1111 antiqua
624 1045 685 1092 non
701 1029 884 1111 exposuerit,
905 1027 959 1093 sed
975 1026 1076 1092 adhuc
1089 1027 1194 1110 potins
1207 1048 1289 1095 noua
1303 1032 1335 1096 et
1348 1031 1466 1095 maiora

334 1132 564 1200 cumulauerit?
590 1148 685 1213 quare
703 1129 859 1213 baptisma
879 1130 968 1197 nohis
989 1132 1020 1195 et
1034 1129 1198 1196 haereticis
1218 1149 1379 1198 commune
1399 1150 1465 1199 esse

332 1255 395 1303 non
413 1235 525 1319 potest,
552 1252 625 1300 cum
645 1233 758 1316 quihus
777 1253 834 1300 nec
853 1236 942 1317 pater
961 1221 1045 1299 Deus
1066 1251 1122 1298 nec
1142 1231 1226 1300 filius
1247 1231 1389 1301 Christus
1408 1254 1465 1302 nec

333 1343 458 1407 sanctus
472 1339 601 1421 spiritus
615 1355 672 1402 nec
685 1336 761 1404 fides
781 1356 838 1405 nec
852 1339 982 1422 ecclesia
995 1339 1064 1420 ipsa
1077 1337 1250 1402 communis
1264 1338 1322 1402 est.
1349 1340 1381 1403 et
1394 1337 1464 1404 ideo

297 1443 485 1526 rebaptizari
505 1459 555 1506 eos
575 1441 697 1524 oportet
711 1442 764 1523 qui
780 1441 818 1506 de
832 1440 951 1507 haeresi
966 1440 1006 1506 ad
1021 1440 1182 1506 ecclesiam
1197 1441 1337 1519 ueniunt,
1358 1441 1394 1505 ut
1409 1442 1463 1523 qui

331 1547 474 1631 legitimo
501 1547 534 1611 et
558 1562 632 1610 uero
661 1544 761 1626 adque
791 1545 881 1610 unico
910 1545 1034 1609 sanctae
1063 1543 1209 1609 ecclesiae
1238 1543 1394 1626 baptismo
1423 1543 1463 1608 ad

332 1669 464 1736 regnum
478 1649 536 1714 Dei
559 1648 792 1733 regeneratione
807 1647 916 1712 diuina
929 1648 1153 1729 praeparantur
1167 1648 1359 1712 sacramento
1375 1647 1463 1710 utro-

332 1773 392 1836 que
413 1754 589 1829 nascantur,
620 1750 694 1833 quia
714 1750 867 1833 scriptum
889 1751 951 1814 est:
980 1748 1060 1814 uisi
1088 1749 1174 1831 quis
1201 1751 1317 1815 natus
1339 1747 1463 1813 fuerit

331 1873 372 1919 ex
387 1872 483 1937 aqua
496 1854 535 1917 et
548 1852 710 1935 spiritu,
733 1869 805 1918 non
818 1855 951 1937 potest
964 1852 1130 1918 introire
1145 1853 1185 1918 iu
1200 1872 1366 1938 regnum
1380 1850 1460 1917 Dei.

296 1981 322 2020 rs
374 1954 441 2036 Quo
456 1958 489 2021 in
503 1957 570 2022 loco
586 1956 723 2040 quidam,
744 1957 833 2040 quasi
848 1975 996 2023 euacuare
1010 1957 1130 2039 possint
1143 1957 1281 2022 humana
1296 1975 1461 2040 argumen-
1472 1962 1513 2025 22

330 2060 449 2126 tatione
469 2062 709 2144 praedicationis
729 2061 926 2146 euangelicae
946 2061 1122 2138 ueritatem,
1145 2061 1354 2125 catecuminos
1372 2059 1462 2125 nohis

331 2166 497 2246 opponunt,
519 2164 547 2229 si
562 2164 632 2247 quia
648 2183 685 2230 ex
700 2164 749 2230 his
772 2166 938 2247 antequam
952 2165 985 2228 in
1000 2165 1128 2229 ecclesia
1148 2163 1325 2246 baptizetur
1339 2163 1373 2227 in
1388 2181 1461 2229 con·

332 2265 464 2331 sessione
478 2268 613 2333 nominis
628 2269 838 2350 adprehensus
852 2267 949 2334 fuerit
963 2271 994 2333 et
1004 2268 1133 2344 occisus,
1148 2287 1188 2332 au
1203 2286 1290 2351 spem
1305 2268 1417 2332 salutis
1428 2267 1460 2332 et

330 2370 504 2449 praemium
527 2370 728 2436 confessionis
749 2371 887 2449 amittat,
910 2389 945 2436 eo
966 2369 1047 2452 quod
1067 2389 1103 2434 er
1124 2388 1203 2451 aqua
1225 2371 1311 2453 prius
1333 2387 1395 2435 non
1416 2371 1459 2434 ait

293 2474 465 2536 serenatus.
488 2473 590 2537 sciant
604 2474 703 2556 igitur
718 2474 870 2539 eiusmodi
885 2474 1025 2538 homines
1039 2473 1260 2558 suffragatores
1275 2476 1308 2538 et
1322 2473 1459 2538 fautores

329 2572 555 2639 haereticorum
571 2576 780 2642 catecuminos
794 2576 867 2640 illos
882 2576 982 2659 primo
996 2576 1152 2659 integram
1163 2575 1257 2641 fidem
1269 2577 1302 2641 et
1313 2575 1459 2641 eeclesiae

328 2677 497 2742 ueritatem
517 2680 622 2742 tenere
637 2679 669 2743 et
684 2680 724 2744 ad
738 2679 959 2744 debellandum
981 2677 1140 2744 diabolum
1155 2680 1194 2744 de
1209 2679 1327 2744 diuinis
1348 2678 1460 2744 castris

329 2796 401 2843 cum
426 2779 518 2863 plena
543 2781 576 2844 et
601 2780 722 2847 sincera
744 2782 805 2847 Dei
830 2782 929 2863 patris
955 2783 988 2846 et
1008 2780 1124 2847 Christi
1150 2784 1183 2847 et
1205 2782 1335 2865 spiritus
1360 2781 1460 2846 sancti

328 2881 504 2965 cognitione
529 2883 701 2964 procedere,
728 2883 840 2950 deinde
862 2904 918 2950 neo
940 2885 1057 2968 priuari
1084 2884 1233 2967 baptismi
1258 2884 1459 2967 sacramento,

430 3068 445 3120 1
464 3067 497 3122 cf.
516 3066 531 3121 I
550 3068 609 3124 Cor.
629 3067 670 3132 13,
688 3068 713 3123 3.
786 3069 876 3124 1310.
894 3070 920 3135 3,
937 3070 961 3124 5.

379 3238 535 3293 loccisoB
661 3239 848 3310 posselproae
862 3240 889 3295 Τ
1010 3241 1238 3296 eisetPs'arae.
1252 3243 1319 3308 m2,
1333 3237 1427 3294 eiusG

326 3322 483 3393 hadsignat
495 3325 531 3388 B,
543 3324 688 3395 adsignent
703 3327 739 3380 Τ·
866 3326 1012 3382 haereticis
1024 3343 1059 3381 cx
1071 3327 1243 3383 haereticae*
1366 3312 1458 3381 'dean-

325 3408 387 3479 guis
400 3408 427 3463 L
555 3412 620 3479 qnia
631 3427 667 3465 cc
678 3427 745 3480 qua·
761 3412 787 3467 Τ
916 3414 1000 3482 extra]
1013 3416 1106 3467 contra
1118 3412 1147 3467 B
1279 3411 1345 3482 401]
1357 3414 1387 3466 et
1396 3411 1459 3476 hh,

325 3493 487 3550 01000010
581 3495 754 3566 proderat0¹
859 3498 1011 3553 dadultera
1024 3514 1135 3569 eaquae
1148 3499 1204 3554 LP
1298 3499 1460 3567 contagione

327 3578 434 3636 Bono
544 3582 648 3637 tinctus
661 3599 697 3638 ec
708 3572 834 3640 cinth
944 3584 1233 3655 8nonpoteetesseG
1339 3584 1459 3638 christus

325 3663 436 3722 sumo
548 3651 760 3738 saffica„
875 3685 924 3724 neo
936 3669 1258 3746 mosomensem
1371 3671 1459 3726 rore⁴

324 3749 621 3820 baptizarieosnonB
744 3756 1108 3826 utqniJnisipaenitcntiae
1121 3756 1150 3810 B
1277 3759 1309 3812 11
1322 3756 1457 3827 legitimo}

324 3834 458 3906 baptismo
470 3837 535 3893 cdd.
549 3839 578 3893 Β
670 3843 798 3899 sanctoG
894 3842 1125 3912 languentium
1140 3843 1167 3897 1'
1256 3845 1386 3914 parantur
1400 3844 1426 3898 Τ

325 3921 534 3980 rame-turc
648 3928 848 3985 resumere
969 3911 1071 3998 14⁸5?
1077 3911 1132 3983 a&
1133 3928 1156 3984 c
1269 3928 1425 3984 nauseo

325 4005 561 4079 deilcaelorumt'
672 4015 706 4069 15
718 4018 879 4085 argumenta
889 4015 1034 4070 rationeL
1147 4018 1181 4071 16
1193 4017 1379 4070 catecumenos
1391 4016 1456 4079 LN,

324 4094 520 4150 cathicuminoa
534 4098 561 4152 1'
668 4100 700 4153 17
713 4101 769 4171 his]
781 4103 820 4156 eis
833 4101 857 4158 0
957 4103 986 4157 in
999 4104 1109 4159 ecclesia
1122 4119 1173 4158 orrs
1187 4104 1211 4160 0
1317 4101 1353 4157 20
1363 4102 1457 4157 huius·

324 4181 397 4236 modi
408 4201 426 4238 o
506 4187 535 4238 et
546 4183 663 4240 factores
675 4186 699 4243 0
703 4193 722 4253 ¹,
735 4204 786 4243 om.
799 4189 827 4243 B
912 4190 945 4244 al
958 4190 1155 4246 cathecuminos
1168 4190 1224 4246 PT
1308 4189 1344 4243 22
1354 4186 1458 4244 hellan-

324 4264 389 4322 dum
401 4268 522 4324 ΟΙΡΙΤΙ
631 4272 968 4344 ahbapdamatiacriu.
981 4277 1000 4331 1.
