3570 4936
576 311 758 382 Epistulae
775 315 949 372 LXVIIII.
967 334 990 373 c.
1006 318 1113 376 9.-11.
1344 319 1408 384 759

277 468 487 551 succumbere,
518 469 661 555 quamuis
686 469 787 536 sciant
811 470 845 535 id
871 473 952 553 quod
978 472 1095 540 faciam
1118 493 1180 541 uon
1200 475 1301 542 licere.
1328 473 1408 539 illud

279 573 458 640 mirandum
473 577 531 655 est,
547 576 646 641 immo
660 573 889 658 indignandum
904 575 1010 658 potins
1025 579 1057 642 et
1071 577 1249 659 dolendum,
1261 577 1405 645 christia·

282 695 339 743 nos
354 675 548 746 antichristis
563 680 715 746 adsistere
729 680 762 743 et
777 678 1042 761 praeuaricatores
1057 681 1130 747 fidoi
1145 684 1245 767 adque
1259 682 1406 750 ecclesiae

279 779 452 865 proditores
468 782 553 850 intus
568 784 601 849 in
615 785 684 868 ipsa
699 782 828 850 ecclesia
843 784 952 847 contra
966 782 1128 850 ecclesiam
1143 788 1237 854 stare.
1252 786 1307 870 qui
1327 803 1404 869 quo·

253 885 363 949 eniam
392 886 565 968 pertinaces
590 888 669 955 alias
695 889 727 955 et
752 886 903 952 indociles
929 884 981 950 uel
1006 884 1064 952 hoc
1090 888 1197 954 tamen
1222 889 1408 955 contibatur

277 989 361 1071 quod
382 989 520 1056 uniuersi
543 994 610 1058 siue
629 992 777 1060 haeretici
800 991 868 1056 sine
883 988 1075 1055 schismatici
1089 1007 1152 1055 uon
1165 991 1299 1057 habeant
1312 992 1406 1076 spiri·

280 1092 351 1157 tum
376 1095 529 1180 sanctum,
556 1098 589 1161 et
613 1097 682 1163 ideo
710 1096 868 1179 baptizare
892 1093 1020 1178 quidem
1040 1092 1172 1176 possint,
1199 1094 1272 1160 dare
1297 1099 1403 1161 autem

279 1194 427 1280 spiritum
449 1201 592 1265 sanctum
611 1219 672 1266 non
692 1201 822 1283 possint,
844 1200 878 1265 in
897 1199 956 1265 hoc
976 1198 1044 1282 ipso
1064 1216 1084 1262 a
1104 1195 1194 1262 nobis
1209 1198 1354 1264 tenentur
1368 1203 1405 1265 ut

276 1301 476 1367 ostendamus
502 1323 559 1369 uec
582 1304 741 1387 baptizare
765 1303 893 1370 omnino
917 1320 969 1368 eos
995 1319 1084 1385 posse
1111 1300 1165 1385 qui
1189 1318 1250 1364 non
1270 1300 1405 1381 habeant

240 1403 423 1485 suspiritum
439 1407 593 1472 sanctum.

317 1509 402 1575 Nam
432 1527 503 1574 cum
530 1511 564 1575 iu
590 1510 745 1593 baptismo
771 1510 939 1591 unicuique
963 1512 1092 1594 peccata
1116 1526 1173 1573 sua
1194 1504 1404 1584 remittantur,
1419 1520 1455 1583 ιι

272 1612 385 1693 probat
399 1614 432 1677 et
447 1612 585 1677 declarat
599 1613 632 1677 in
646 1612 809 1696 euangelio
831 1629 888 1676 suo
901 1612 1056 1679 Dominus
1071 1631 1126 1695 per
1139 1629 1190 1676 eos
1214 1611 1295 1674 solos
1316 1627 1405 1691 posse

274 1717 402 1797 peccata
415 1715 537 1779 dimitti
551 1714 604 1796 qni
615 1715 731 1779 habent
742 1715 890 1799 spiritum
902 1718 1055 1781 sanctum.
1067 1717 1139 1799 post
1150 1712 1404 1781 resurrectionem

278 1817 362 1882 enim
386 1817 556 1900 discipulos
576 1835 647 1884 suos
667 1818 798 1885 mittens
818 1818 959 1903 loquitur
980 1819 1019 1885 ad
1042 1838 1093 1885 eos
1119 1822 1151 1885 et
1176 1818 1272 1884 dicit:
1299 1816 1406 1883 sicut

239 1920 389 1985 remisit
410 1938 467 1984 me
489 1922 618 2004 pater,
642 1923 680 1987 et
701 1940 768 2006 ego
790 1923 908 1988 mitto
930 1941 1007 1989 uos.
1031 1922 1099 1987 hoc
1121 1942 1205 1987 cum
1228 1922 1403 2005 dixisset,

272 2022 521 2090 insufflanit
544 2026 581 2090 et
603 2024 662 2090 ait
683 2025 789 2091 illis:
812 2027 986 2109 accipite
1008 2026 1198 2110 spiritum
1220 2027 1404 2091 sanctum.

272 2127 305 2192 si
339 2128 452 2193 cuius
485 2127 724 2194 remiseritis
755 2130 930 2213 peccata,
967 2129 1222 2195 remittentur
1253 2129 1337 2194 illi:
1372 2129 1406 2192 si

272 2232 385 2295 euius
406 2232 650 2311 tenueritis,
674 2234 923 2298 tenebuntur.
947 2251 1007 2317 quo
1029 2233 1063 2297 in
1084 2233 1152 2297 loco
1174 2231 1310 2297 ostendit
1333 2251 1406 2297 eum

274 2333 377 2400 solum
392 2351 481 2417 posse
496 2336 655 2418 baptizare
667 2337 698 2400 et
709 2335 922 2401 remissionem
934 2336 1131 2416 peccatorum
1144 2335 1216 2399 dare
1228 2336 1281 2416 qui
1292 2334 1406 2400 habeat

236 2460 264 2500 eo
277 2438 420 2501 sanctum
442 2438 599 2522 spiritum.
625 2439 756 2520 denique
775 2440 880 2520 ipsum
896 2435 1056 2503 Christum
1070 2437 1241 2502 Dominum
1263 2439 1405 2503 nostrum

281 2539 498 2621 baptizaturus
514 2539 664 2606 Iohannes
679 2541 797 2623 accepit
811 2540 884 2605 ante
899 2539 1047 2621 spiritum
1062 2542 1205 2605 sanctum
1221 2559 1292 2604 cum
1304 2540 1405 2605 adhuc

280 2644 363 2708 esset
377 2643 409 2706 in
425 2644 513 2707 utero
529 2644 640 2709 matris
655 2643 854 2727 constitutus,
870 2643 907 2706 ut
922 2643 1042 2708 certum
1058 2645 1140 2707 essct
1155 2642 1255 2725 adque
1270 2640 1402 2706 manife-
1494 2691 1498 2698 .

274 2746 360 2811 stum
375 2745 534 2829 baptizare
549 2765 610 2811 non
624 2763 713 2828 posse
727 2745 789 2810 nisi
805 2763 856 2809 eos
872 2745 926 2826 qui
940 2745 1075 2811 habeant
1090 2745 1238 2828 spiritum
1250 2747 1402 2810 sanctum.

375 2977 465 3032 1410.
484 2977 527 3043 20,
545 2976 655 3033 21-23.

323 3192 451 3263 iaciant]
464 3193 612 3249 mirmms
757 3193 787 3248 id
798 3210 825 3263 q.
837 3193 940 3248 iaciant
951 3207 1001 3246 om.
1017 3189 1041 3244 S
1181 3187 1288 3241 iaciunt
1303 3184 1369 3241 cae

272 3280 457 3335 3antecrietis
470 3281 499 3346 S,
512 3281 662 3335 anticristis
675 3279 734 3351 LQ,
748 3279 911 3335 antichristo
927 3278 950 3334 0
1064 3270 1265 3345 iproditoreS
1374 3271 1403 3324 in

272 3382 323 3424 em.
341 3366 374 3422 θ’
385 3367 416 3438 Q,
428 3367 529 3422 intrav
609 3368 735 3440 ecclesiae
751 3365 800 3436 00
812 3365 1002 3435 (ecclesialis),
1014 3365 1091 3434 septa
1102 3360 1256 3416 ccclesieeo
1336 3372 1402 3426 quo·

269 3454 355 3523 niam]
369 3469 532 3524 quamquam
543 3470 561 3507 o
677 3453 770 3508 baliis
782 3453 812 3508 P
925 3450 1025 3505 dociles
1038 3448 1062 3504 S
1174 3447 1192 3500 6
1203 3446 1260 3499 siue
1272 3443 1403 3498 haeretiei

268 3539 357 3594 cauri
471 3538 624 3609 'lefled
717 3533 1110 3595 etidco...sauctumoosS
1221 3530 1401 3602 possinthss

268 3629 383 3697 possunt
399 3624 486 3697 OQSo
622 3626 757 3696 Spossint
767 3624 852 3689 HS,
868 3627 982 3694 possunt
997 3621 1061 3692 cQu
1198 3617 1330 3673 ilhabcnt
1346 3617 1369 3673 0

268 3711 303 3766 10
315 3712 444 3782 spiritum
456 3711 589 3782 sanctum]
604 3712 742 3767 licentiam
759 3713 782 3769 0
885 3711 920 3765 12
931 3725 1008 3780 posse
1020 3710 1129 3778 peecata
1141 3722 1190 3761 sua
1203 3705 1232 3771 S,
1244 3707 1354 3775 peccata
1370 3704 1401 3769 V,

266 3800 377 3867 peccata
389 3814 495 3868 possea
624 3799 786 3870 13dimitti]
799 3794 1013 3853 remittantan
1139 3793 1259 3847 habeant
1275 3789 1367 3861 GLQo

267 3883 303 3938 14
314 3884 386 3938 euim
398 3898 449 3937 om.
462 3883 487 3938 S
598 3888 627 3938 et
639 3884 717 3956 dicit]
730 3884 822 3939 dicens
835 3883 859 3939 S
971 3881 1003 3936 17
1016 3881 1060 3934 cni
1074 3882 1099 3935 C
1206 3879 1359 3933 remittetur
1372 3876 1402 3940 S,

266 3969 446 4024 remittuntur
459 3969 509 4026 GP
611 3969 705 4025 illiso
805 3970 829 4024 si
839 3985 882 4024 oen
891 3971 926 4023 .0
1026 3966 1060 4021 18
1069 3965 1230 4021 detenebitia
1241 3962 1400 4018 detinebun-

267 4057 314 4110 tur
325 4055 396 4144 quod
412 4056 435 4112 0
592 4057 665 4128 eum]
677 4073 721 4113 eos
738 4058 784 4114 Os
796 4073 817 4112 e.
830 4057 849 4110 l.
1006 4053 1040 4109 19
1052 4053 1135 4108 habet
1147 4052 1183 4117 P,
1192 4049 1312 4106 habeant
1323 4049 1365 4140 ρ

269 4140 374 4212 acspm
385 4126 443 4197 'scm
459 4141 581 4213 OLPQo
678 4146 766 4215 ipsum
777 4160 829 4199 oea
846 4143 870 4200 0
963 4124 1028 4198 dnm
1039 4141 1171 4195 christum
1187 4136 1213 4191 V
1302 4156 1361 4194 nrm
1373 4139 1402 4194 P

272 4242 294 4282 e.
308 4227 325 4281 l.
338 4244 373 4282 m.
386 4230 414 4293 2,
427 4244 479 4315 nori
496 4229 525 4293 O,
547 4216 602 4284 scm
619 4230 643 4285 V
745 4230 776 4284 21
791 4233 855 4284 aute
866 4234 970 4304 accepit
982 4228 1006 4285 S
1107 4230 1141 4285 22
1153 4247 1208 4287 esec
1220 4234 1248 4287 in
1261 4235 1288 4290 L
