3570 4936
255 432 259 440 Ι
322 352 386 419 574
426 303 429 309 ν
722 346 869 404 Caecilii
885 344 1048 416 cypriani

321 507 443 592 gelium
456 490 616 571 decernere
631 525 726 589 quam
743 505 797 589 qni
812 506 960 590 martyris
975 523 1086 572 nomen
1100 524 1137 572 er
1152 505 1313 592 euangelio
1328 502 1451 570 laborat

322 611 469 692 accipere.
495 609 576 675 illud
604 613 763 695 praeterea
788 609 941 676 nollemus
965 611 1137 677 addiscere:
1164 610 1193 676 si
1214 611 1368 694 mnrmes
1388 627 1450 674 non

322 713 448 796 propter
473 711 559 777 alind
583 717 736 799 martyres
761 713 841 778 fiunt
866 713 927 778 nisi
950 715 987 778 ut
1008 731 1069 778 non
1094 714 1301 802 sacrificantes
1326 713 1451 778 teneant

323 817 468 883 ecclesiae
489 835 586 900 usque
601 818 642 883 sd
656 818 835 882 effusionem
857 817 1017 902 sanguinis
1038 815 1087 881 sui
1100 833 1218 898 pacem,
1241 837 1280 901 ne
1294 817 1451 883 cruciatus

323 920 426 986 dolore
440 921 579 1003 superati
593 921 748 1005 perdendo
760 938 869 1002 pacem
882 919 1013 1003 perdant
1026 919 1170 998 salutem
1185 939 1245 1003 quo
1259 922 1351 1005 pacto
1365 920 1472 986 salu-s

304 1024 389 1104 ¹tem
411 1032 506 1106 quam
528 1042 571 1104 se,
595 1023 623 1090 si
643 1021 877 1100 sacrificassent,
898 1021 1057 1086 habituros
1080 1038 1141 1087 non
1160 1024 1360 1105 putauerunt,
1384 1024 1452 1089 illis

324 1125 505 1192 existiment
526 1125 698 1211 donandam
720 1126 774 1208 qui
789 1124 977 1191 sacriticasse
991 1124 1146 1202 dicantur,
1169 1142 1242 1190 cum
1256 1126 1359 1212 legem
1373 1127 1453 1193 hane
1508 1144 1514 1157 ·

323 1229 436 1297 debent
449 1231 483 1311 in
496 1230 567 1296 aliis
589 1232 693 1295 tenere
715 1247 808 1312 qnam
831 1229 893 1313 ipsi
913 1228 1100 1293 uidebantur
1120 1227 1182 1294 sibi
1203 1229 1275 1294 unte
1289 1229 1452 1312 posuisse?

323 1332 357 1398 in
378 1350 438 1416 qno
460 1333 587 1418 negotio
608 1332 666 1398 hoc
687 1334 791 1416 ipsum
814 1331 896 1415 quod
917 1350 972 1415 pro
993 1331 1118 1415 seipsis
1139 1331 1239 1398 facere
1262 1331 1454 1416 putauerunt

323 1434 603 1502 animaduertimus
625 1438 733 1502 oontm
747 1454 780 1501 se
794 1436 879 1518 ipsos
901 1435 1078 1519 protulisse.
1100 1452 1175 1500 uam
1189 1435 1217 1508 si
1232 1434 1368 1500 dandam
1386 1435 1488 1500 illisa

323 1557 430 1621 pacem
444 1539 599 1623 martyres
613 1542 815 1623 putauerunt,
839 1559 894 1605 our
906 1539 967 1621 ipsi
982 1557 1044 1604 non
1058 1538 1232 1604 dederunt?
1257 1554 1313 1606 cur
1326 1538 1399 1605 illos
1413 1539 1454 1605 ad

324 1641 512 1724 episcopum,
537 1644 574 1707 ut
588 1642 651 1727 ipsi
666 1643 784 1720 dicunt,
807 1640 1011 1708 remittendos
1026 1642 1235 1708 censuerunt?
1257 1629 1284 1708 is
1300 1640 1383 1707 enim
1399 1641 1461 1724 qui«

324 1744 413 1809 iubet
432 1743 500 1810 fieri
520 1747 625 1828 potest
639 1747 748 1831 utique
763 1745 863 1834 iacere
878 1747 959 1829 quod
973 1746 1039 1811 fieri
1054 1746 1151 1811 iubet.
1174 1748 1229 1812 sed
1243 1748 1281 1812 nt
1295 1744 1454 1830 intellegi-

323 1837 405 1926 mus,
426 1847 524 1914 immo
539 1851 576 1914 nt
591 1868 638 1915 res
660 1851 730 1933 ipse
748 1849 889 1932 loquitur
903 1850 935 1914 et
950 1850 1076 1926 clamat,
1096 1849 1287 1916 sanctissimi
1301 1850 1478 1932 martyres·-

324 1950 486 2032 utrobique
507 1951 719 2017 adhibendum
739 1951 928 2034 putanenmt
941 1952 1221 2034 temperamentum
1235 1953 1268 2017 et
1281 1951 1408 2036 pudoris
1422 1951 1454 2017 et
1463 1967 1487 2011 ιε

324 2052 476 2118 uerimtis.
492 2073 567 2120 nam
581 2055 654 2137 quia
665 2062 687 2120 a*
694 2054 804 2120 multis
818 2054 1039 2138 urguebantur,
1054 2054 1129 2118 dum
1141 2054 1181 2118 ad
1191 2055 1368 2138 episcopum
1382 2055 1454 2120 illos

324 2156 499 2233 remittunt,
520 2158 721 2222 uerecundiae
740 2157 889 2239 propriae,
914 2175 952 2221 ne
966 2155 1097 2221 ultorium
1111 2155 1366 2239 inquietarentur,
1382 2174 1454 2222 oon·

324 2258 489 2324 selendum
508 2261 712 2341 putauerunt:
736 2261 768 2325 et
784 2259 859 2324 dnm
873 2260 939 2324 illis
954 2278 1013 2324 non
1028 2259 1089 2341 ipsi
1104 2261 1345 2338 communicent,
1361 2278 1455 2325 euan-

324 2361 441 2446 gelicos
462 2363 542 2447 legis
562 2363 730 2430 inlibatam
750 2363 960 2429 sinceritatem
981 2362 1213 2428 custodiendam
1227 2363 1453 2428 iudicauerunt.
1520 2351 1523 2358 ’

294 2464 315 2529 3
367 2464 416 2529 Tu
426 2465 542 2545 tamen,
557 2465 663 2545 irater,
678 2485 850 2549 numquam
864 2483 919 2548 pro
934 2467 990 2530 tna
1000 2466 1133 2530 caritate
1140 2465 1280 2558 desistas
1294 2463 1485 2546 lapsorum„

324 2567 445 2634 animos
467 2571 694 2652 temperasset
718 2570 892 2635 errantibus
914 2569 1056 2633 ueritatis
1078 2570 1235 2652 praestare
1255 2567 1452 2645 medicinam,

323 2668 399 2734 licet
421 2671 546 2737 animus
569 2673 732 2757 aegrotans
753 2671 945 2738 medentium
967 2689 1110 2754 respuere
1133 2671 1231 2737 soleat
1253 2669 1451 2736 industriam.

324 2789 428 2861 recens
443 2774 491 2840 est
504 2774 662 2856 lapsorum
675 2791 774 2857 nuper
787 2773 846 2838 hoc
860 2773 974 2839 uulnus
988 2775 1020 2839 et
1030 2773 1133 2838 adhuc
1143 2773 1177 2838 in
1188 2774 1342 2838 tumorem
1356 2773 1452 2857 plaga

325 2890 518 2961 consurgens.
541 2876 701 2943 etidcirco
722 2877 799 2941 certi
814 2895 922 2942 sumus
937 2875 1019 2959 qnod
1033 2877 1134 2958 spatio
1149 2876 1354 2959 productioris
1368 2877 1451 2941 tem·

324 2978 407 3060 poris
425 2978 535 3062 inpetu
548 2978 611 3045 isto
625 2980 859 3045 consenescente
873 2978 1022 3044 amabunt
1031 2977 1094 3045 ¹hoc
1108 2979 1213 3062 ipsum
1227 2978 1268 3045 ad
1281 2977 1405 3043 fidelem
1418 2997 1451 3045 se
1460 2998 1494 3050 s¹

325 3077 438 3147 dilatm
454 3100 520 3146 esse
534 3081 733 3161 medicinam,
750 3082 894 3147 sitamen
909 3081 1011 3147 desint
1025 3081 1079 3164 qui
1092 3081 1165 3146 iilos
1180 3081 1302 3147 minent
1316 3079 1354 3171 ad
1370 3080 1453 3162 peri·

377 3338 569 3406 lmartiresso
636 3355 668 3394 ex
679 3337 820 3408 euangelio
831 3354 881 3392 one.
898 3336 986 3393 Ocooa
1053 3336 1164 3391 dilium
1179 3337 1205 3390 Τ
1265 3336 1417 3402 adiscerec

323 3425 477 3494 3proterso
545 3425 716 3480 tentemur
784 3422 903 3494 teneant]
915 3424 1046 3493 negantes
1058 3438 1115 3491 pro,
1126 3425 1239 3477 nocente
1256 3424 1295 3477 Τυ
1379 3421 1454 3492 dne}

323 3509 406 3580 hoa-ro
497 3510 837 3582 bquopactoom.0con.
893 3578 895 3583 Ι
936 3507 1151 3579 6qmm]perw
1244 3512 1452 3576 remmon

322 3597 545 3652 sacrificassentc
629 3597 708 3666 illic
795 3597 812 3650 ‘t
823 3595 965 3650 existiman
981 3597 1007 3649 T
1089 3593 1224 3649 donantur
1234 3592 1395 3661 dicanturp

322 3683 493 3738 8debeentc
579 3684 642 3755 sibi]
655 3685 715 3740 siro
807 3681 1134 3753 9ncgotdolnegeturoso
1187 3700 1196 3722 .
1226 3696 1255 3734 se
1268 3696 1318 3735 om.
1333 3695 1381 3747 ceo

324 3771 356 3824 11
369 3770 464 3826 edna
480 3771 506 3823 Τ
582 3771 617 3826 12
629 3769 908 3837 remittendosessec
986 3766 1178 3836 15utrubique
1194 3767 1221 3821 V
1288 3768 1317 3820 et
1329 3764 1451 3838 pudoris]

323 3857 356 3909 ut
366 3855 475 3927 pudoris
491 3856 546 3925 Τφ,
558 3856 667 3926 pudoris
677 3874 720 3926 sc;
734 3857 799 3925 fort.
811 3858 843 3910 ut
854 3854 962 3925 pudoris
975 3853 1014 3908 sic
1026 3855 1055 3907 st
1113 3852 1147 3908 16
1158 3854 1262 3908 namet
1277 3852 1419 3908 Gctdtorn
1481 3886 1484 3896 ι

323 3955 402 3996 eom.
415 3957 463 4010 pto
530 3941 802 4012 dum]quersredum
814 3958 848 4008 cc,
863 3957 965 4012 quaec
1034 3938 1173 4028 edonag
1238 3939 1272 3995 17
1284 3939 1455 4021 inquitatem·

322 4030 429 4082 turT‘
487 4025 1199 4100 18illisnonipeilillicumipsoso,illioumepoc
1262 4024 1454 4096 adcantus]

323 4114 441 4168 nefitsme
451 4114 830 4184 p,pietatesineesritstero
898 4114 933 4169 21
944 4112 1043 4168 animis
1056 4116 1082 4168 Τ
1146 4111 1347 4183 idaegrctsns]
1360 4108 1453 4182 aegro

202 4208 205 4223 '
324 4217 413 4258 ruruc
475 4202 642 4272 respicerem
710 4201 851 4272 adrogans
866 4203 891 4254 Τ
949 4199 1109 4255 hoouuinus
1122 4216 1241 4269 nuperp
1305 4201 1410 4253 tumore
1424 4219 1456 4267 φ,

265 4308 269 4324 ·
324 4287 448 4343 timorem
462 4289 489 4341 Τ
582 4288 618 4344 24
633 4288 816 4359 productionis
831 4287 865 4354 io,
886 4287 1071 4358 productiones
1087 4289 1113 4342 Τ
1147 4332 1159 4350 ,,
1206 4286 1242 4342 26
1258 4287 1350 4357 inpete
1365 4286 1390 4338 Τ
1511 4333 1520 4341 .

324 4372 360 4428 26
376 4372 480 4429 dolatos
495 4375 566 4444 Topw
