3570 4936
342 341 407 408 816
747 340 894 396 caecilii
910 341 1072 413 cyprini

341 497 398 561 aut
411 495 557 562 defendat
571 499 627 563 aut
640 496 754 577 medat,
770 498 852 581 quod
866 499 1021 565 innodatio
1035 500 1111 564 haec
1124 499 1286 564 nominum
1300 501 1384 566 nuda
1398 502 1469 569 sui·

343 598 429 665 ficiat
451 599 492 665 ad
512 600 724 667 remissionem
745 605 942 688 pennatorum
962 605 997 668 ot
1009 601 1160 684 baptismi
1179 604 1468 686 motifieebonem,

343 722 416 768 eum
441 704 518 769 bueo
542 706 618 771 tuno
639 706 748 790 utique
767 707 941 792 proficiant,
963 704 1085 789 quando
1099 705 1200 788 etqui
1213 705 1353 791 baptizat
1373 710 1470 777 babet

342 807 492 890 spiritum
510 809 654 874 sanctorm
667 813 700 876 et
712 811 871 894 baptisma
885 828 1006 893 quoque
1019 810 1125 890 ipsum
1139 826 1201 874 non
1214 811 1259 875 sit
1272 814 1340 879 sine
1352 815 1467 896 spiritu

343 911 559 977 eonstitutum
583 912 638 978 sed
658 914 767 980 dieunt
789 932 862 979 eum
881 912 937 994 qni
957 909 1243 994 quomodocumque
1264 913 1340 979 ioris
1360 914 1489 998 bapti-e

343 1015 433 1080 ratur
452 1019 556 1081 mente
570 1020 603 1081 ot
615 1016 676 1082 fide
696 1039 754 1085 sua
773 1015 922 1099 baptismi
942 1014 1080 1098 gratiam
1099 1016 1243 1097 oonsequi
1262 1035 1357 1099 poma
1386 1017 1470 1100 quod

346 1119 379 1183 et
392 1118 497 1200 ipsum
511 1119 579 1186 sine
592 1121 687 1188 dubio
700 1119 869 1187 ridiculum
884 1120 941 1197 est,
956 1119 1046 1201 quasi
1061 1117 1100 1182 de
1114 1117 1200 1182 eaelo
1214 1118 1364 1186 adduoere
1378 1121 1419 1187 ad
1434 1140 1469 1187 so

344 1222 445 1305 possit
462 1224 518 1288 ant
537 1243 625 1290 mens
644 1244 741 1309 praue
761 1224 917 1289 iustorum
932 1220 1208 1288 sanetiboationn
1228 1224 1285 1288 aut
1298 1223 1373 1290 fides
1387 1224 1470 1291 falsa

256 1341 260 1346 ’
343 1324 535 1392 credentium
555 1329 732 1394 ueritatem
752 1344 813 1393 non
833 1344 940 1391 omnes
960 1328 1068 1390 autom
1088 1324 1143 1407 qui
1159 1343 1272 1391 nomen
1286 1325 1403 1392 Christi
1417 1327 1469 1393 in·

343 1431 455 1495 uoount
465 1430 566 1495 audiri
577 1432 609 1497 et
619 1431 843 1497 innodationem
855 1447 944 1494 suam
954 1428 1098 1510 oonsoqui
1112 1427 1232 1510 aliquid
1245 1429 1364 1513 gratiae
1376 1447 1469 1513 posse
1477 1453 1509 1493 ιο

343 1532 497 1598 Dominus
516 1533 583 1617 ipse
597 1535 778 1600 manifestat
792 1532 912 1598 dicens:
934 1531 1054 1597 multi
1074 1531 1234 1596 uenient
1254 1532 1294 1596 in
1314 1533 1470 1599 nomine

343 1653 424 1701 meo
453 1636 642 1703 dieentes:
672 1655 741 1722 ego
766 1654 848 1701 sum
869 1633 1065 1712 Christus,
1087 1636 1126 1699 ot
1147 1635 1292 1701 multos
1314 1634 1468 1701 fallent

343 1738 434 1803 nulla
452 1738 584 1820 denique
603 1738 778 1804 differentia
798 1741 847 1804 est
867 1738 949 1803 inber
968 1739 1266 1820 pseudoprophetam
1285 1740 1318 1804 et
1330 1737 1469 1804 haereti·

344 1859 426 1904 oum.
441 1859 516 1905 uam
527 1841 629 1904 utillo
640 1840 875 1906 innominoDei
889 1844 946 1905 aut
956 1838 1082 1918 Christi,
1098 1841 1144 1904 ita
1156 1841 1217 1905 iste
1231 1841 1263 1906 in
1277 1843 1469 1908 sacramento

344 1941 495 2024 baptismi
518 1941 611 2006 fallit.
634 1942 793 2008 mendacio
813 1945 943 2022 uterque
963 1943 1078 2007 nititur
1097 1943 1138 2006 ad
1152 1943 1348 2027 decipiendas
1366 1944 1508 2009 homi-a
1536 1941 1538 1944 ’

348 2062 425 2107 num
440 2043 625 2109 uoluntates.

168 2200 172 2207 .
296 2145 337 2208 le
389 2145 468 2213 Volo
489 2149 594 2211 autem
615 2146 704 2211 nobis
723 2149 755 2211 et
770 2144 808 2210 de
822 2145 952 2210 historia
971 2165 1051 2228 quae
1071 2147 1153 2228 apud
1173 2165 1228 2213 nos
1248 2147 1331 2213 tauta
1350 2150 1398 2213 est
1418 2168 1472 2214 er·

346 2268 459 2334 ponere
479 2248 596 2314 adhoc
616 2249 717 2331 ipsum
739 2249 922 2332 pertinente.
949 2252 1021 2314 ante
1042 2249 1157 2332 uiginti
1172 2251 1256 2315 enim
1269 2253 1303 2316 et
1316 2251 1393 2316 duos
1407 2250 1473 2317 iere

346 2370 442 2418 annos
468 2352 659 2434 temporibus
684 2355 753 2434 post
775 2350 987 2416 Alexandmm
1011 2352 1228 2433 imperatorem
1252 2354 1372 2419 multae
1397 2353 1471 2419 istiu

347 2456 590 2522 conflictationes
604 2458 636 2520 et
650 2473 810 2536 pressurae
829 2453 1009 2519 aecidemnt
1028 2453 1080 2519 uel
1094 2454 1128 2519 in
1142 2472 1304 2521 eommune
1324 2456 1508 2522 omnibusso

347 2558 526 2624 hominibus
546 2559 597 2623 uel
617 2559 766 2641 priuatim
785 2557 978 2622 christianis:
999 2560 1100 2623 utrae
1114 2558 1210 2623 otiam
1223 2559 1327 2624 motus
1341 2560 1473 2641 plurimi

349 2664 381 2727 et
396 2663 571 2745 frequentes
591 2662 768 2737 extiterunt,
793 2662 831 2725 ut
846 2661 878 2725 et
898 2679 955 2743 per
969 2658 1195 2743 Cappadociam
1215 2662 1247 2726 et
1266 2681 1321 2744 per
1333 2662 1473 2728 Pontum

348 2766 452 2830 multa
477 2766 668 2842 subruerent,
695 2763 848 2847 quaedam
873 2764 970 2828 etiam
997 2764 1142 2828 ciuitates
1163 2764 1196 2829 iu
1216 2765 1403 2847 profundum
1422 2784 1473 2831 re-
1542 2805 1544 2810 ·

349 2870 438 2951 cepta
459 2869 578 2951 dirupti
597 2869 656 2934 soli
676 2868 766 2934 hiatu
786 2868 1017 2943 denotarentur,
1037 2868 1074 2931 ut
1088 2885 1125 2931 er
1138 2866 1197 2932 boo
1211 2868 1381 2950 persecutio
1395 2885 1474 2950 quo·

349 2990 408 3055 que
430 2972 535 3057 ffiauis
555 2973 720 3038 aduersum
734 2987 789 3036 nos
804 2970 939 3035 nominis
953 2968 1051 3048 fieret,
1072 2988 1150 3051 quae
1164 2973 1235 3053 poet
1247 2970 1374 3054 longam
1389 2971 1472 3036 retro
1481 2989 1510 3029 s

348 3074 459 3139 aetatis
485 3092 592 3155 paoem
615 3075 739 3156 repento
763 3072 931 3137 oborta'de
950 3072 1109 3154 inopinato
1130 3073 1162 3136 et
1182 3073 1303 3137 insueto
1327 3072 1410 3137 malo
1431 3072 1472 3138 ad

348 3177 537 3242 turbandum
558 3175 706 3259 populum
727 3176 869 3242 nostmm
889 3174 1060 3239 terribilior
1081 3172 1190 3239 effecta
1210 3176 1266 3239 est.
1292 3173 1474 3240 Serenianus

348 3279 425 3345 tuno
438 3278 501 3344 fuit
515 3279 548 3343 in
562 3279 666 3344 nostra
681 3278 840 3361 prouincia
854 3295 985 3359 praeses,
1001 3275 1129 3342 acerbus
1144 3277 1176 3341 et
1187 3276 1273 3342 dirus
1287 3279 1471 3360 persecutor.

349 3381 382 3448 in
402 3383 460 3448 hac
486 3384 591 3447 autem
615 3380 845 3468 perturbatione
870 3379 1051 3445 constitutis
1077 3377 1222 3444 fidelibus
1242 3381 1275 3444 et
1294 3377 1355 3444 hu'e
1379 3379 1475 3461 atque

349 3487 425 3552 illue
443 3486 662 3569 persecutionis
681 3486 767 3550 metu
789 3481 981 3569 fugientibus
996 3484 1028 3547 et
1042 3481 1159 3563 patrias
1179 3499 1252 3546 suas
1270 3481 1511 3563 relinquenti-eo

454 3674 487 3728 11
505 3673 587 3727 Maru
605 3673 647 3736 13,
663 3672 689 3726 6.

402 3830 419 3883 9
432 3827 518 3883 omnis
533 3825 556 3897 Q
633 3828 664 3881 11
678 3827 735 3896 ipse
747 3824 784 3879 Μ
794 3839 817 3879 s.
829 3824 846 3878 t
859 3841 892 3878 sa
906 3823 1011 3892 Merit.
1025 3822 1062 3893 Q)
1135 3822 1168 3876 13
1180 3820 1303 3891 denique]
1316 3819 1442 3890 quippeo

351 3912 576 3984 lbbdptismaE
652 3910 801 3966 linoloE
875 3907 1230 3964 historiareieoniitootb
1308 3905 1445 3962 laistim

350 4000 385 4055 22
396 4003 429 4054 ut
440 4001 486 4070 etl.
499 3999 536 4053 ut
547 3995 644 4067 EMQ,
656 3997 722 4051 utI
837 3995 872 4050 24
883 3993 1002 4064 dirrupti
1013 3994 1046 4049 Ε
1160 3993 1196 4048 25
1207 4008 1304 4064 graues
1319 3990 1354 4062 0¹
1371 3990 1475 4060 (grauis

351 4086 441 4157 ΜΨ)
573 4085 675 4139 nomini
685 4085 722 4139 M
725 4083 776 4155 θ’,
792 4081 936 4137 christiani
946 4080 1064 4135 nominis
1075 4078 1181 4150 EIQ²o
1311 4092 1413 4146 quaeue
1423 4076 1475 4131 w

352 4173 431 4242 (quae
443 4171 532 4242 M¹Q)
662 4168 850 4240 ibaetstesQ
979 4167 1137 4222 28aoeruus
1149 4163 1241 4235 21¹0
1368 4161 1477 4232 29bue]

352 4256 440 4328 booQ
543 4255 578 4311 30
588 4256 653 4312 illae
667 4256 715 4328 ρ’,
728 4257 791 4312 iiloo
804 4254 842 4326 ρ’
858 4253 994 4324 (illusis)
