3570 4936
723 358 884 429 Epistula
900 357 1119 414 axx-ma
1305 430 1309 441 Ι
1422 358 1486 427 699

395 517 479 584 Nam
505 532 577 580 oum
602 513 703 581 denuo
727 512 885 598 apostolus
910 511 1030 579 Paulus
1056 514 1157 580 dieat:
1191 516 1367 583 nescitis
1395 513 1515 598 quiea

302 682 306 691 ,
353 618 543 703 templum
580 616 654 682 Dei
696 618 794 684 estis
836 618 874 682 et
916 616 1087 698 spiritus
1128 618 1197 682 Dei
1239 619 1401 686 habitat
1443 617 1485 683 in

252 753 255 759 ·
308 736 312 758 ¹
352 722 491 788 uobis?
524 720 650 787 etiamsi
683 721 797 787 caritas
830 719 934 785 minus
966 719 1106 803 adegerit
1140 719 1181 786 ad
1216 739 1305 803 opem
1333 722 1485 790 fratribus
1607 736 1610 745 ·

354 826 524 900 serendam,
550 823 807 890 considerandum
832 825 938 889 tamen
962 820 1075 887 hocin
1101 821 1169 888 loeo
1195 823 1257 890 fuit
1280 826 1339 893 Dei
1365 826 1485 909 templa

331 947 421 996 sesso
448 944 527 1011 quae
556 927 649 1010 eapte
676 931 760 1007 sunt,
776 923 844 993 'nee
872 925 939 1009 pati
967 943 1024 990 nos
1052 924 1146 1008 longa
1174 929 1343 994 cessatione
1369 932 1402 996 et
1426 947 1504 1000 no-.

351 1031 455 1117 gleoto
481 1030 586 1095 dolore
619 1029 731 1096 debere
763 1032 800 1096 nt
833 1029 887 1095 diu
915 1027 976 1093 Dei
1008 1028 1127 1111 templa
1160 1029 1287 1111 captiua
1318 1031 1393 1110 sint,
1419 1031 1485 1097 'sed

350 1133 464 1217 quibus
499 1151 663 1216 possumus
699 1135 856 1200 elaborare
897 1131 1018 1198 uiribus
1054 1133 1086 1196 et
1121 1129 1270 1197 uelociter
1306 1153 1413 1218 gerere
1448 1135 1486 1201 ut

350 1234 511 1301 Christum
537 1235 678 1319 iudicem
706 1238 739 1303 et
763 1236 934 1302 Dominum
956 1235 1058 1300 Deum
1084 1234 1224 1299 nostrum
1253 1252 1485 1317 promereamur

350 1340 508 1424 obsequiis
526 1341 650 1406 nostris.
672 1360 746 1407 nam
765 1361 837 1407 eum
851 1340 938 1406 dicat
952 1339 1070 1404 Paulus
1092 1337 1266 1422 apostolus:
1289 1341 1485 1424 quotquot

317 1444 390 1510 eoin
412 1442 569 1510 Christo
598 1437 796 1528 baptizati
819 1443 935 1521 estis,
967 1441 1171 1508 christum
1200 1442 1417 1521 induistis,
1449 1443 1484 1509 in

352 1547 487 1631 captiuis
501 1545 653 1613 fratribus
668 1548 782 1614 nostris
797 1537 1052 1630 oontemplandus
1067 1548 1116 1611 est
1129 1542 1273 1611 Christus
1284 1546 1317 1611 et
1327 1545 1482 1611 redimen-

352 1650 411 1716 dus
426 1649 617 1734 deperioulo
632 1650 837 1733 captiuitatis,
859 1649 913 1732 qni
928 1666 985 1714 nos
1000 1649 1132 1715 redemit
1147 1649 1185 1713 de
1199 1649 1337 1732 periculo
1358 1648 1481 1728 mortis,

356 1757 393 1819 ut
408 1755 533 1837 quinos
548 1752 586 1818 de
602 1753 718 1818 diaboli
735 1752 878 1819 lancibus
893 1753 980 1818 exuit
994 1772 1077 1818 nune
1091 1753 1158 1836 ipse
1173 1752 1227 1836 qui
1247 1754 1354 1818 manet
1372 1755 1405 1819 et
1423 1753 1482 1820 ha·

355 1856 437 1922 bitat
460 1856 494 1922 in
519 1856 609 1922 nobis
635 1856 673 1922 de
698 1855 900 1922 barbarorum
926 1856 1071 1922 manibus
1097 1858 1228 1921 exuatur
1252 1858 1284 1922 et
1307 1857 1481 1923 redimatur
1611 1905 1614 1911 .

316 1979 341 2018 ιι
351 1959 530 2025 nummaria
558 1959 737 2042 quantitate
758 1960 812 2043 qui
834 1978 889 2026 nos
912 1977 1001 2025 ernoe
1022 1959 1155 2025 redemit
1177 1962 1210 2025 et
1231 1961 1398 2047 sangnine:
1428 1960 1482 2043 qui
1592 2039 1597 2046 ¹

350 2063 465 2129 ideireo
486 2063 563 2128 baso
586 2062 654 2128 fieri
675 2062 802 2129 interim
825 2063 956 2146 patitur,
980 2064 1016 2128 nt
1030 2061 1107 2129 fides
1128 2065 1238 2128 nostra
1254 2064 1426 2148 temptetur
1441 2083 1481 2129 an

350 2165 447 2232 faeiat
462 2167 675 2249 unusquisque
696 2184 751 2250 pro
772 2168 871 2232 altero
893 2166 976 2249 quod
997 2185 1052 2248 pro
1075 2185 1107 2232 se
1129 2164 1196 2230 fien'
1218 2167 1325 2246 uellet,
1348 2168 1377 2233 si
1397 2166 1482 2252 apud

351 2269 499 2335 barbaros
513 2271 672 2336 teneretur
686 2269 752 2351 ipse
767 2270 920 2355 captiuus.
936 2269 1006 2352 quis
1021 2270 1104 2336 enim
1118 2286 1178 2334 non
1193 2269 1402 2336 humanitatis
1413 2288 1482 2336 me·

353 2390 421 2437 mor
435 2374 468 2437 et
481 2375 611 2438 mutuae
626 2372 803 2439 dilectionis
816 2372 1004 2449 admonitus,
1020 2373 1047 2438 si
1062 2373 1150 2456 pater
1165 2373 1222 2448 est,
1237 2371 1304 2437 illie
1319 2391 1386 2438 esse
1399 2391 1482 2438 nuno

321 2473 437 2540 aolilios
453 2492 525 2541 suos
539 2477 714 2558 computet:
731 2477 758 2542 si
773 2476 907 2541 maritus
922 2477 979 2551 est,
993 2493 1119 2539 uxorem
1135 2493 1224 2539 suam
1238 2474 1307 2539 illio
1321 2475 1481 2556 captiuam

351 2578 448 2642 teneri
464 2597 536 2643 oum
551 2578 657 2643 dolore
670 2579 787 2659 pariter
801 2596 838 2644 ao
854 2578 975 2643 uinculi
998 2576 1153 2642 maritalis
1175 2594 1280 2642 amore
1301 2577 1483 2642 existimet?

352 2680 486 2761 quantus
501 2696 575 2744 uero
598 2681 772 2746 communis
792 2679 937 2746 omnibus
957 2679 1046 2745 nobis
1068 2696 1190 2743 maeror
1208 2679 1303 2760 atque
1327 2679 1482 2746 eruciatus

351 2781 400 2846 est
415 2779 453 2847 de
467 2781 605 2863 periculo
620 2780 781 2864 uirginum
796 2799 874 2867 quae
888 2781 956 2846 illio
971 2782 1126 2858 tenentur,
1142 2798 1196 2862 pro
1211 2781 1324 2863 quibus
1339 2800 1400 2848 non
1411 2784 1484 2848 tan·

351 2885 422 2959 tum
442 2882 601 2948 libertatis
615 2883 669 2948 sed
685 2885 718 2948 et
731 2884 857 2967 pudoris
872 2883 993 2949 iaetura
1007 2883 1183 2968 plangenda
1196 2885 1244 2948 est
1258 2903 1315 2950 neo
1327 2886 1397 2951 tam
1411 2885 1483 2951 uin-

316 2984 422 3050 soeula
443 2984 644 3051 barbaromm
660 3004 754 3068 quam
775 2987 922 3052 lenonum
945 2986 977 3051 et
999 2985 1194 3067 lupanarium
1215 2988 1324 3070 stupra
1345 2986 1486 3054 deflenda

356 3088 438 3166 sunt,
453 3108 493 3154 ne
507 3088 650 3154 membra
664 3086 788 3155 Christo
803 3088 908 3155 dicata
922 3090 954 3154 et
969 3089 1009 3155 ad
1024 3090 1184 3155 aeternum
1200 3089 1406 3155 continentiae
1427 3090 1484 3155 bo-

356 3209 463 3257 norem
483 3191 598 3274 pudiea
620 3191 740 3258 uirtute
761 3193 874 3259 denota
894 3193 1116 3258 insultantium
1141 3191 1282 3259 libidinis
1303 3193 1486 3278 contagione

352 3293 538 3361 foedentur?

397 3395 483 3476 Quae
503 3399 608 3464 omnia
622 3398 696 3463 istie
711 3399 880 3464 seeundum
894 3398 1017 3463 litteras
1040 3400 1159 3463 uestras
1179 3397 1359 3464 fraternitas
1379 3401 1515 3468 nostrai

317 3501 494 3586 ooaogn'tans
524 3503 557 3566 et
577 3502 719 3567 dolenter
746 3503 925 3569 examinans
947 3503 1090 3584 prompte
1111 3519 1218 3566 omnes
1240 3503 1272 3568 et
1294 3502 1429 3569 libenter
1451 3521 1487 3569 ao

456 3688 472 3742 1
490 3689 506 3744 I
523 3687 580 3744 Cor.
599 3689 626 3753 3,
644 3688 685 3744 16.
756 3690 773 3744 9
790 3689 850 3744 Gal.
867 3689 893 3754 3,
911 3689 959 3743 al.

403 3859 518 3930 totuin
656 3859 837 3916 nosminuso
975 3858 1097 3929 adegerit
1108 3859 1217 3928 sampsi,
1236 3859 1354 3930 adigerit
1366 3876 1409 3930 νμ,
1428 3861 1487 3916 adi·

356 3946 462 4015 gereto
576 3944 734 4015 betlneer
849 3945 985 4000 luiribus
997 3945 1162 4000 elaboratae
1276 3945 1454 4002 8etdeumo

286 4079 289 4085 .
353 4033 517 4102 9quotquot
586 4031 828 4102 induistisonara
914 4032 948 4086 12
961 4030 1149 4101 deredimitn¹
1236 4032 1270 4087 15
1281 4034 1404 4087 numeria
1416 4050 1453 4103 τμ

354 4118 388 4172 21
401 4117 661 4189 aopndoreuineuli
673 4119 837 4174 maritaliso
963 4116 1195 4184 linerolenimr
1319 4135 1454 4189 merorra

354 4204 552 4259 alamon
672 4205 911 4275 251upenarumn
1026 4201 1224 4274 26u01neorn
1340 4205 1455 4277 ad]iuo

292 4320 296 4327 ·
352 4289 388 4345 27
401 4289 527 4346 libidinis
538 4307 584 4360 τμ,
596 4288 712 4345 libidine
722 4294 780 4347 eto
1270 4335 1272 4338 Α
