3570 4936
355 338 418 406 726
752 336 898 393 caecilii
916 333 1077 407 Cypriani

354 493 529 577 desperatos
544 494 577 558 ot
590 493 727 577 perditos
746 497 870 561 secutus
890 495 993 573 fuerit,
1015 494 1076 559 sibi
1095 491 1256 575 inputabit
1275 509 1347 556 cum
1369 488 1477 554 iudicii

356 594 421 659 dies
435 595 563 660 uenerit.
579 597 730 677 quomodo
745 598 827 663 enim
842 598 998 682 deprocari
1010 597 1043 662 in
1054 595 1105 660 die
1117 593 1173 658 illo
1181 594 1349 660 Dominum
1360 590 1477 677 poterit

354 697 408 778 qui
422 700 454 763 ct
468 699 540 764 ante
555 698 613 764 hoc
627 699 785 768 Christum
800 704 832 767 et
846 719 927 766 nunc
941 717 1060 784 quoque
1076 696 1239 762 ecclesiam
1252 696 1367 764 Christi
1381 712 1477 780 nega·

354 800 402 864 uit
421 802 453 865 et
472 800 621 885 episcopis
642 806 726 872 sanis
746 807 778 873 et
791 805 921 889 integris
937 805 969 868 et
983 799 1162 866 uiuentibus
1182 817 1242 865 non
1262 801 1476 881 obtemperans

354 904 499 969 comitem
511 922 544 971 se
558 908 590 972 et
602 909 785 992 participem
799 905 1002 972 morientibus
1016 902 1182 987 praebuit?
1197 903 1269 986 opto
1284 921 1349 987 uos,
1365 900 1502 968 nanas

353 1006 516 1086 carissimi,
533 1027 653 1094 semper
667 1013 745 1078 bene
759 1010 872 1074 ualere.

610 1297 997 1435 EPISTVLA
1030 1293 1225 1407 LXVI.

355 1515 556 1574 creausus
581 1519 644 1587 ovu
667 1520 712 1576 ur
737 1493 1137 1659 umscrvswgngssnmo
1155 1514 1216 1571 cvr
1233 1513 1278 1569 nu
1294 1510 1478 1568 rvrrmno

827 1605 898 1659 ran
945 1605 959 1659 1
997 1645 1003 1657 .

325 1824 339 1885 1
395 1807 462 1892 Ego
477 1808 519 1883 to,
534 1807 640 1888 irater,
657 1811 848 1876 credideram
869 1811 995 1876 tandem
1017 1811 1083 1876 iam
1103 1811 1143 1876 ad
1159 1808 1383 1893 paenit0ntiam
1403 1824 1516 1874 con-ro

352 1908 442 1985 uerti,
465 1909 547 1990 quod
566 1909 600 1974 in
620 1913 822 1993 praeteritum
843 1914 909 1976 tam
931 1912 1144 1977 inlaudatam
1167 1913 1272 1995 turpia
1291 1914 1358 1978 tam
1380 1912 1475 1977 etiam

352 2010 522 2095 gentilibus
538 2013 706 2077 execranda
720 2016 776 2077 aut
791 2013 928 2078 audisses
939 2014 1076 2078 danobis
1088 2015 1205 2078 temere
1216 2017 1272 2078 aut
1283 2014 1474 2079 credidisses.

351 2130 440 2194 porro
460 2114 567 2177 summ
587 2112 683 2178 etiam
703 2132 785 2178 nunc
804 2113 837 2178 in
851 2115 967 2179 litteris
982 2115 1046 2180 tuis
1063 2115 1279 2179 animaduerto
1297 2115 1428 2185 eundem
1442 2117 1475 2180 te

352 2214 452 2280 adhuc
475 2233 541 2280 esse
560 2216 613 2298 qui
634 2215 721 2298 prius
742 2216 853 2295 fueras,
873 2217 980 2282 eadem
1006 2218 1037 2282 te
1053 2217 1090 2281 de
1104 2217 1193 2282 nobis
1209 2217 1331 2287 credere
1346 2219 1378 2281 et
1391 2216 1425 2282 in
1439 2233 1474 2282 oo

352 2317 432 2398 quod
453 2316 620 2382 credideris
640 2337 834 2400 perseuerare
855 2320 886 2383 et
899 2336 937 2383 ne
951 2318 1030 2383 forte
1046 2318 1199 2383 claritatis
1214 2320 1246 2383 et
1260 2319 1404 2402 martyrii
1419 2319 1467 2383 tui
1479 2347 1506 2388 rc

352 2419 489 2503 dignitas
507 2421 614 2485 nostra
633 2421 910 2486 communicatione
932 2422 1114 2500 maculetur,
1136 2440 1237 2487 mores
1258 2424 1379 2488 nostros
1402 2419 1477 2485 dili-

351 2524 459 2606 genter
480 2521 634 2605 inquirere
657 2527 779 2606 etpost
799 2523 899 2588 Deum
919 2523 1053 2589 iudicem
1075 2523 1127 2606 qui
1151 2524 1325 2591 sacerdotes
1347 2522 1423 2589 facit
1445 2524 1477 2589 te

278 2650 280 2653 ·
350 2623 431 2688 uelle
451 2640 513 2688 non
536 2622 638 2689 dicam
660 2626 698 2690 de
720 2644 770 2690 me
792 2661 834 2671 —
856 2626 989 2707 quantus
1011 2625 1094 2689 enim
1115 2643 1172 2709 ego
1196 2630 1290 2691 snm?
1317 2667 1350 2676 —
1368 2626 1422 2690 ssd
1437 2624 1476 2690 de

350 2726 408 2790 Dei
423 2729 455 2791 et
470 2723 586 2792 Ohmsti
602 2726 715 2791 iudicio
730 2727 874 2792 iudicare.
890 2728 949 2792 hoc
963 2727 1055 2793 estin
1070 2727 1168 2793 Deum
1190 2746 1250 2794 non
1265 2730 1396 2806 credere,
1419 2727 1477 2793 hoc

403 2964 534 3019 neceas
546 2966 609 3021 aa
718 2966 858 3036 apuam
869 2966 898 3022 a
1010 2952 1084 3020 sori
1097 2968 1136 3031 a,
1147 2949 1237 3022 unta
1339 2967 1430 3034 aqua
1441 2965 1481 3019 ar

350 3050 408 3117 (qui
424 3048 457 3119 Q)
566 3052 701 3122 antehoc]
715 3055 779 3107 tunc
791 3052 842 3107 GR
948 3067 1052 3122 quoque
1065 3068 1115 3107 ora
1129 3053 1157 3108 L
1263 3052 1323 3105 dot
1334 3049 1475 3120 episcopis]

350 3133 481 3202 episcopis
494 3135 516 3190 C
608 3136 776 3205 obtemperat
787 3137 822 3201 L,
834 3137 1019 3206 obtemperant
1031 3137 1084 3208 PQ
1179 3139 1197 3193 5
1209 3137 1337 3191 comitem
1349 3152 1377 3190 se
1390 3134 1436 3190 sed
1448 3138 1476 3188 et

349 3235 384 3273 cc
402 3220 541 3275 comittere
558 3222 622 3277 stG
774 3226 838 3292 opto
908 3223 996 3278 nalem
1013 3239 1064 3277 ora
1077 3223 1134 3286 012,
1152 3222 1219 3276 benc
1236 3222 1326 3276 ualere
1346 3225 1410 3291 opto
1427 3236 1476 3275 uos

349 3288 575 3376 irs‘ldm‘semper
586 3308 615 3362 P
699 3307 872 3378 6carissimi]
886 3291 984 3362 limiae
996 3307 1238 3362 desiderantissimi
1255 3307 1295 3378 Qu
1376 3305 1475 3376 ualere]

349 3392 412 3447 sciet
421 3393 457 3447 M
458 3392 496 3463 Q:
506 3391 674 3448 fraternitati
684 3393 802 3448 salutate
811 3393 909 3463 (salute
918 3392 965 3463 ρ’)
974 3394 1069 3448 uelato.
1080 3424 1105 3432 -
1116 3392 1158 3447 Ad
1167 3393 1322 3462 Epictetum
1332 3394 1361 3445 et
1368 3391 1474 3462 plebem

349 3479 571 3547 (sapritanorum
592 3479 657 3533 add.
672 3480 715 3548 N)
736 3478 846 3547 explicit
857 3477 948 3547 LNQ,
970 3479 1089 3548 Explicit
1107 3478 1140 3532 ad
1151 3479 1306 3548 Epictetum
1325 3479 1353 3532 ot
1369 3476 1474 3547 plebem

348 3565 566 3633 Assyritanorum
576 3566 735 3634 etepiscopo
745 3581 836 3619 eorum
846 3565 880 3628 Ρ,
889 3563 930 3618 Ad
939 3563 1091 3635 Epictetum
1101 3567 1129 3617 et
1138 3563 1245 3633 plebem
1254 3562 1475 3618 assuritanorum

349 3648 382 3704 de
394 3650 541 3706 Fortunato
553 3652 687 3721 quondam
700 3653 822 3721 episcopo
834 3633 905 3720 (est
915 3650 947 3716 0)
960 3665 1050 3705 eorum
1062 3651 1126 3717 (om.
1139 3648 1173 3717 0)
1186 3649 1297 3718 explicit
1309 3647 1366 3704 CB.
1382 3677 1414 3687 -

400 3735 487 3806 Epist.
499 3736 594 3791 vau
609 3768 641 3778 -
654 3738 757 3807 Incipit
773 3735 808 3790 ad
818 3735 986 3791 Florentium
1003 3752 1082 3805 quem
1094 3740 1123 3791 et
1135 3736 1306 3807 Puppianum
1318 3737 1475 3806 (pupianum

351 3823 400 3890 To)
411 3822 574 3888 BLNPTo,
586 3823 724 3880 Florentio
736 3827 764 3878 et
775 3822 896 3891 Pupieno
908 3821 934 3876 b.
944 3839 965 3888 c.
976 3840 998 3876 e.
1007 3823 1046 3876 Η.
1060 3854 1093 3863 -
1104 3823 1123 3878 8
1133 3824 1234 3878 tascium
1244 3823 1328 3886 Hillo,
1341 3824 1428 3876 ascios
1438 3819 1473 3882 B,

348 3907 450 3961 euscius
465 3908 496 3972 T,
509 3909 629 3963 thascius
641 3910 669 3964 L
679 3911 712 3964 ia
725 3924 780 3963 ros.
791 3912 858 3961 Μ
958 3908 1074 3978 pupiano
1088 3909 1127 3962 To
1237 3908 1271 3961 12
1284 3910 1332 3961 aut
1343 3905 1474 3974 audisses]

347 3997 381 4047 ut
391 3994 511 4048 audisses
523 3995 580 4049 BL
671 3995 705 4050 13
716 3996 745 4050 in
757 4011 807 4049 ora
820 3994 854 4049 N
940 3994 973 4049 14
984 3993 1013 4048 in
1024 4009 1074 4048 ora
1089 3994 1116 4048 B
1209 3995 1243 4049 15
1255 3992 1334 4063 quod]
1346 4006 1399 4061 quo
1411 3990 1444 4045 N

348 4080 381 4133 16
394 4080 642 4152 communicatione]
658 4078 895 4137 commaculatione
906 4078 939 4132 N
1018 4080 1226 4135 commaculetur
1236 4078 1271 4133 Η
1348 4076 1377 4130 in
1389 4090 1474 4130 mores

347 4164 675 4230 marcomanorum
768 4167 800 4220 1'1
813 4165 860 4234 qui
872 4179 940 4219 eros.
952 4164 984 4219 ta
995 4165 1023 4219 B
1115 4165 1183 4219 facit
1194 4181 1247 4220 om.
1259 4164 1287 4219 Β
1382 4161 1416 4216 18
1428 4159 1476 4215 sed

346 4267 398 4305 om.
410 4251 467 4307 ΕΡ
