3570 4936
578 343 736 416 Epistula
754 346 1115 404 LXXIIL—LXXIIIL
1347 349 1409 415 799

280 502 384 569 ualuit
406 503 513 566 nostra
528 499 724 566 mediocritas
738 501 938 582 permittente
952 503 1087 569 Domino
1103 508 1135 571 et
1149 505 1321 589 inspirante
1336 522 1408 570 eon·

283 604 475 687 scripsimus,
491 623 585 686 quem
599 604 640 670 ad
654 605 685 668 te
699 621 754 687 pro
769 604 879 668 mutua
893 605 1060 673 dilectione
1075 609 1316 680 transmisimus.
1338 611 1411 693 opto

281 710 323 788 tc,
339 707 436 772 frater
450 707 620 786 carissime,
636 725 757 788 semper
771 707 847 772 bene
862 708 978 773 ualere.

484 993 872 1106 EPISTVLA
915 994 1209 1111 Lllllllll.

261 1221 273 1259 s
561 1196 764 1253 CYPRIANVS
780 1199 940 1256 POMPEIO
957 1200 1091 1256 FRATRI
1110 1200 1134 1255 S.

326 1371 524 1455 Quamquam
550 1372 642 1454 plene
663 1390 698 1437 ea
717 1392 795 1454 qnae
815 1375 853 1439 cie
873 1374 1039 1439 haereticis
1065 1373 1258 1456 baptizandis
1282 1376 1436 1442 dicenda!

281 1480 356 1545 sunt
371 1477 512 1559 conplexi
527 1476 626 1540 simus
640 1476 671 1540 in
680 1476 827 1560 epistulis
842 1496 976 1559 quarum
986 1477 1026 1542 ad
1038 1479 1069 1542 te
1081 1479 1221 1559 exempla
1233 1478 1412 1544 transmisi·

281 1601 362 1658 mus,
384 1579 483 1644 irater
504 1575 671 1656 carissime,
695 1578 801 1641 tamur
822 1576 895 1657 quia
915 1575 1099 1641 desiderasti
1114 1576 1147 1641 in
1162 1578 1308 1642 notitiam
1323 1580 1412 1643 tuam

280 1684 410 1768 perferri
436 1680 512 1764 quid
538 1679 618 1745 mihi
641 1678 680 1744 ad
702 1679 823 1745 litteras
851 1680 972 1744 nostrae
987 1678 1160 1760 Stephanus
1185 1679 1282 1746 irater
1307 1684 1413 1747 noster

248 1813 273 1850 ro
283 1785 486 1870 rescripserit,
508 1783 582 1848 misi
602 1783 663 1846 tibi
684 1783 825 1864 rescripti
840 1783 907 1847 eius
921 1784 1114 1867 exemplum:
1136 1803 1197 1867 quo
1212 1785 1294 1851 lecto
1309 1788 1411 1869 magis

281 1909 317 1956 ac
328 1889 431 1973 magis
443 1889 509 1955 eius
520 1903 654 1951 errorem
669 1887 839 1963 denotabis,
854 1887 908 1969 qui
923 1887 1148 1953 haereticorum
1164 1907 1288 1954 cansam
1304 1894 1412 1958 contra

281 1993 467 2058 christianos
482 1993 514 2056 et
529 1993 635 2056 contra
657 1991 816 2056 ecclesiam
830 1991 890 2056 Dei
911 1991 1049 2057 adserere
1070 1995 1207 2058 conatur.
1236 2013 1311 2060 nam
1331 1996 1412 2061 inter

282 2098 385 2161 cetera
405 2095 457 2160 uel
479 2093 611 2176 superba
630 2095 682 2159 uel
698 2095 818 2160 adrem
838 2112 901 2159 non
915 2096 1103 2177 pertinentia
1117 2097 1168 2161 uel
1184 2096 1323 2181 sibiipsi
1339 2116 1410 2163 con⁴

280 2199 378 2263 traria
387 2217 465 2280 quae
473 2199 606 2281 inperite
613 2198 712 2280 adque
723 2198 884 2281 inprouida
896 2198 1031 2280 scripsit,
1047 2200 1145 2263 etiam
1158 2199 1239 2264 illud
1252 2201 1413 2267 adiunexit

247 2323 273 2362 ιι
283 2303 319 2366 ut
341 2302 472 2366 diceret:
499 2294 537 2366 ‘si
561 2302 615 2384 qui
638 2319 710 2387 ergo
730 2321 749 2365 a
769 2319 964 2383 quecumque
989 2302 1107 2366 haeresi
1134 2303 1262 2367 uenient
1284 2303 1323 2368 ad
1345 2322 1411 2383 uos,

281 2403 362 2468 nihil
383 2405 548 2469 inuouetur
563 2405 624 2469 nisi
639 2404 721 2487 qnod
736 2405 889 2470 traditum
905 2405 962 2482 est,
987 2404 1023 2468 ut
1037 2423 1149 2469 manns
1164 2404 1229 2469 illis
1244 2405 1411 2489 inponatur

256 2507 314 2577 ,in
336 2509 570 2589 paenitentiam,
597 2528 669 2573 cum
693 2507 755 2589 ipsi
780 2508 930 2573 haeretici
954 2508 1076 2590 proprie
1101 2508 1291 2573 alterutrum
1316 2509 1356 2573 ad
1378 2527 1411 2574 sc

281 2610 443 2674 uenientes
458 2627 519 2674 non
533 2610 703 2691 baptizent,
718 2610 772 2674 sed
787 2610 1017 2675 communicent
1029 2598 1176 2675 tantum'

325 2712 356 2776 A
371 2730 564 2794 quacumque
585 2713 704 2778 haeresi
725 2713 905 2778 uenientem
926 2712 1077 2794 baptizari
1097 2714 1130 2777 in
1150 2714 1280 2778 ecelesia
1298 2713 1441 2792 uetuitt

249 2812 317 2878 aoid
341 2813 389 2878 est
411 2812 553 2878 omnium
574 2811 799 2878 baereticorum
822 2811 1013 2892 baptismata
1033 2812 1116 2877 iuste
1138 2831 1204 2878 esse
1219 2815 1251 2878 et
1267 2815 1412 2900 legitima

335 3051 349 3102 1
363 3050 484 3118 spirante
497 3048 531 3104 0¹
652 3049 743 3118 iopto
758 3049 903 3103 ...ualere
916 3050 1004 3106 occ
1125 3050 1245 3105 tualerc
1256 3052 1317 3106 nale
1330 3052 1365 3106 N.
1381 3082 1410 3091 -

282 3134 325 3190 Ad
342 3134 473 3204 (Explicit
493 3134 527 3188 ad
540 3134 599 3203 GP)
618 3133 778 3189 Inuaiannm
800 3135 950 3202 (iunianum
964 3135 992 3200 C,
1015 3135 1142 3190 iubenum
1157 3138 1194 3207 Τ)
1215 3137 1247 3191 de
1269 3137 1413 3192 haereticis

281 3220 451 3291 baptizandis
473 3221 516 3288 (de
527 3220 555 3274 h.
569 3220 641 3290 bapt.
664 3236 714 3274 om.
728 3220 793 3288 LP)
815 3221 925 3289 explicit
939 3221 1080 3283 CLNPT,
1103 3221 1214 3276 Caecilii
1228 3222 1356 3292 Cypriani
1378 3223 1412 3277 acl

280 3307 442 3361 luuaianum
454 3306 487 3360 de
499 3306 663 3376 baptismate
673 3306 852 3360 hereticorum
865 3306 977 3376 explicit
988 3306 1023 3360 Β.
1037 3337 1069 3346 --

331 3393 418 3463 Epist.
431 3391 574 3446 LXXIlll.
587 3423 620 3431 -
632 3392 733 3461 lucipit
753 3391 786 3446 ed
804 3392 961 3462 Pompeium
984 3393 1170 3464 (Pomponium
1183 3395 1221 3465 B)
1239 3403 1334 3454 contra
1354 3403 1408 3471 epi·

281 3480 382 3533 atulam
395 3479 527 3548 Stephani
544 3477 620 3547 (add.
634 3478 670 3533 0:
691 3478 724 3533 de
741 3478 867 3532 hereticis
888 3478 1058 3548 baptizandis
1078 3479 1206 3550 feliciter)
1227 3484 1366 3542 BGLPY.
1380 3518 1412 3527 -

279 3565 441 3636 5pompeio]
460 3564 602 3634 pomponio
617 3564 644 3618 B
796 3565 1051 3633 'lconplexisumus
1064 3565 1109 3632 Co,
1128 3569 1309 3638 conpleximus
1321 3572 1378 3628 BP

279 3650 466 3722 aquid1qnae
479 3667 513 3705 ea
524 3650 608 3720 quiG
680 3699 682 3703 .
760 3650 794 3704 10
805 3651 964 3719 rescriptum
977 3666 1013 3706 ea
1024 3653 1156 3723 rescripta
1171 3655 1197 3709 Τ
1343 3659 1412 3731 eins]

280 3736 346 3790 estis
358 3736 385 3790 B
500 3735 660 3807 exemplum]
672 3735 735 3790 misi
747 3735 812 3790 aeid.
825 3736 854 3791 B
974 3738 1009 3794 11
1023 3739 1090 3808 eius]
1103 3740 1165 3796 cic
1286 3744 1319 3798 12
1332 3745 1414 3800 eccle·

280 3822 336 3876 siae
348 3822 383 3878 0¹
488 3824 617 3876 conantur
632 3822 670 3876 T²
774 3822 809 3877 13
821 3822 973 3893 pertinente
985 3823 1019 3878 0¹
1128 3827 1162 3881 14
1174 3827 1301 3884 adiunxit
1314 3830 1381 3886 GPn

280 3907 510 3978 lbeiquisBOo,
524 3907 547 3960 si
563 3907 715 3978 Tsedcaep.
728 3911 793 3962 Μ
933 3924 1072 3980 erqoexp.
1088 3911 1190 3967 Tm
1327 3933 1407 3988 quae-

280 4010 368 4063 cumq.
384 3994 421 4058 B,
440 4009 554 4064 quaeeu·
573 3993 596 4048 G
748 3995 901 4049 uenientem
919 3995 1024 4060 LPT1,
1045 3996 1166 4053 uenienti
1187 4000 1234 4066 T’,
1257 4002 1364 4059 ueniret
1375 4007 1410 4072 B,

281 4081 391 4135 uenerit
398 4080 437 4136 Ca
552 4079 642 4134 161111
655 4079 720 4136 ore
832 4082 865 4136 17
877 4082 970 4151 prcpie
985 4083 1033 4149 T¹,
1047 4085 1165 4154 propeO
1279 4089 1313 4143 18
1324 4090 1414 4164 bapti.

281 4168 344 4220 aaut
356 4166 405 4232 P',
423 4165 563 4236 baptizent
579 4165 608 4219 in
625 4167 792 4236 paenitentia
803 4166 839 4232 B,
857 4167 1030 4237 baptizentur
1046 4169 1073 4224 V
1224 4177 1258 4230 19
1271 4177 1412 4252 baptizari]

280 4251 347 4306 cdd.
358 4252 400 4307 B:
413 4252 442 4306 in
452 4269 560 4307 manum
572 4252 754 4321 paenitentiae
823 4254 858 4308 20
867 4253 957 4324 idest]
970 4259 998 4311 et
1010 4257 1139 4315 Tiarai.
1209 4261 1384 4334 baptisma?
