3570 4936
327 290 394 357 504
730 278 878 336 Caecilii
895 276 1066 349 Cypriani*

326 443 366 508 ob
381 436 676 508 oenmemoratiouea
697 454 814 516 eorum,
842 456 922 520 quae
941 437 1002 504 cito
1023 438 1185 505 uobiscum
1199 438 1458 522 Domiuoprote·

325 547 420 630 gente
444 538 680 606 celebrabimus.
707 541 896 624 pauperibus
921 561 1052 627 quoque,
1073 545 1111 609 ut
1131 561 1223 627 saepe
1247 544 1313 610 iam
1338 540 1458 625 scripsi

326 666 401 715 cura
413 664 450 710 ac
464 642 629 727 diligentia
649 648 756 710 uestra
776 663 837 711 non
852 646 943 726 (lesit,
965 647 1015 712 his
1029 656 1134 712 tamen
1148 649 1203 730 qui
1216 649 1250 713 in
1265 648 1326 713 fide
1340 648 1458 712 stantes

326 746 534 816 etuobiscum
561 746 686 814 sortiter
709 749 885 814 militantes
900 748 1016 815 Christi
1042 752 1144 814 castra
1167 767 1228 815 nou
1248 751 1456 833 reliquerunt:

325 850 439 936 quibus
459 848 584 932 quidem
603 870 685 916 nunc
699 851 800 916 maior
814 870 833 916 a
847 852 936 917 uobis
951 854 984 916 et
997 852 1124 918 dilectio
1140 855 1171 916 et
1183 871 1258 918 oure
1272 853 1479 938 praestandae

325 957 384 1032 est,
398 953 481 1037 quod
491 970 548 1018 nec
560 955 744 1036 paupertate
758 953 862 1018 adacti
876 971 933 1017 nec
946 955 1170 1035 persecutionis
1184 957 1372 1039 tempestate
1385 974 1458 1040 pro-

302 1083 305 1089 *
324 1057 427 1136 strati,
448 1057 524 1122 (lum
538 1055 672 1121 Domino
686 1053 822 1119 fideliter
837 1055 988 1134 seruiunt,
1011 1055 1121 1120 ceteris
1135 1059 1257 1140 quoque
1271 1059 1457 1143 pauperibus

324 1159 502 1245 exemplum
521 1157 593 1224 fidei
612 1158 832 1241 praebuerunt.
860 1159 931 1240 opto
946 1176 1012 1237 uos,
1027 1155 1140 1224 fratres
1155 1160 1361 1227 carissimi-ao
1375 1163 1457 1228 desi.

324 1262 544 1340 derautissimi,
569 1279 691 1345 semper
710 1261 789 1327 bene
803 1261 907 1326 ualere
922 1263 955 1327 et
968 1261 1067 1327 nostri
1088 1263 1279 1329 meminisse.
1308 1263 1458 1332 fraterni·

323 1369 423 1434 tatem
437 1384 506 1433 meo
518 1365 643 1431 nomine
657 1364 803 1430 salutate.
819 1363 963 1448 [nalste]
1464 1381 1491 1421 ιο

407 1621 412 1631 ’
492 1780 499 1790 ,
604 1652 979 1765 uersuum
1014 1654 1173 1768 xiil.

322 1843 527 1902 cYPnlssovs
556 1840 767 1901 BOGAI'IANO
797 1842 1028 1903 Pnassnn'nso
1058 1843 1104 1899 ΕΤ
1127 1844 1277 1901 ΟΕΤΕΒΙΒ
1306 1843 1457 1902 eoum

531 1943 535 1949 ’
683 1927 831 1984 sonfflvs
849 1929 1051 1986 FBA'I'RIBVS
1068 1931 1095 1984 S.

295 2113 310 2176 1
364 2102 408 2167 nt
429 2100 615 2183 iampridem
636 2100 736 2180 uobis,
767 2099 880 2166 fratres
902 2100 1056 2167 carissimi
1078 2119 1113 2167 ac
1135 2101 1310 2181 fortissimi,
1332 2101 1457 2168 iltterss

322 2203 473 2270 miseram
485 2204 598 2287 quibus
611 2203 686 2270 fidei
700 2205 732 2269 et
746 2202 861 2267 uirtuti
880 2205 1002 2268 uestrae
1023 2202 1128 2268 uerbis
1150 2205 1362 2270 exultantibus
1382 2222 1490 2287 ςω-ιι

179 2374 184 2384 ,
322 2308 453 2387 talares,
484 2309 517 2374 et
536 2327 625 2374 nunc-
640 2324 702 2373 nou
723 2305 810 2371 aliud
830 2306 864 2370 iu
885 2304 997 2389 primis
1026 2322 1086 2369 uox
1114 2309 1222 2372 nostra
1250 2305 1457 2389 conplectitur

320 2429 415 2495 quam
429 2412 467 2477 ut
480 2410 564 2477 laeto
585 2411 689 2477 auimo
711 2410 887 2493 frequenter
900 2428 936 2475 ac
951 2427 1073 2492 semper
1092 2409 1226 2493 gloriam
1241 2409 1339 2475 uestri
1353 2410 1456 2475 nomi·

320 2514 370 2580 uis
391 2514 613 2597 praedicemus.
637 2513 714 2597 quid
734 2514 818 2578 euim
832 2513 885 2578 uel
899 2512 1001 2578 maius
1015 2512 1049 2576 iu
1063 2513 1147 2578 uotis
1169 2512 1249 2579 meis
1271 2514 1375 2596 potest
1389 2532 1456 2580 esse

316 2618 373 2683 ¹uel
387 2617 500 2684 melius
515 2636 608 2701 quam
623 2637 695 2684 cum
710 2615 801 2682 uideo
824 2615 1020 2681 confessionis
1043 2617 1168 2681 uestrae
1190 2616 1303 2682 honore
1325 2616 1455 2682 inlumi-

319 2722 430 2786 natum
445 2738 572 2804 gregem
582 2717 728 2786 Christi?
749 2738 822 2784 nam
845 2737 916 2784 cum
938 2718 1072 2804 gaudere
1087 2718 1121 2783 iu
1134 2719 1193 2785 hoc
1214 2737 1321 2785 omnes
1342 2718 1492 2787 fratrem

372 2905 603 2961 icelebrsuimus
614 2906 715 2977 1,pr
780 2900 848 2961 3'ut
866 2920 963 2974 euraq
1033 2905 1076 2974 ac]
1096 2907 1125 2958 et
1142 2921 1174 2975 eq
1243 2905 1324 2974 desit]
1337 2905 1383 2959 ‘sit
1397 2906 1423 2958 Τ

324 2991 395 3047 iiso
476 3006 544 3060 quae
555 2992 583 3047 L
663 2993 682 3047 4
697 2991 885 3061 relinquerunt
903 2990 960 3061 ΘΤ,
979 2989 1181 3068 dereliquerunt
1198 3007 1230 3060 ep
1309 2988 1455 3060 tquidem

321 3091 372 3132 oea.
386 3092 419 3148 eq
469 3076 630 3149 etiilectio]
649 3077 801 3148 dilectioQ
860 3075 998 3147 tquidQ
1049 3075 1276 3147 adactiluictiep
1293 3075 1370 3144 (uitii
1380 3079 1419 3145 aa)

323 3164 515 3232 tempestatem
531 3163 649 3233 prostati
669 3165 696 3220 Τ
762 3162 871 3233 Iulum]
889 3178 950 3217 cum
967 3163 1040 3219 NTa
1107 3163 1295 3250 8opw...t
1314 3167 1348 3218 10
1364 3162 1456 3217 ualete

321 3262 372 3304 one
391 3249 492 3318 Loium
510 3248 798 3318 opto...meminisse
815 3248 879 3305 cdd.
897 3250 1023 3306 saw
1111 3252 1173 3306 kme
1191 3253 1234 3318 (ac
1252 3252 1313 3318 oea.)
1331 3231 1456 3317 Mstffl

322 3350 353 3389 ac
367 3333 401 3405 Q)
469 3335 487 3389 9
505 3334 705 3391 fraternitatem
775 3335 865 3389 ualets
877 3351 928 3391 oon.
941 3337 973 3391 N
1038 3335 1081 3389 lo
1090 3337 1181 3392 ualets
1193 3353 1244 3391 om.
1256 3336 1344 3408 EQI'.
1363 3364 1398 3374 -
1408 3333 1453 3398 Ad

320 3420 492 3491 presbyteros
509 3423 538 3474 et
554 3420 679 3476 diaconos
703 3419 756 3487 (Ad
773 3420 905 3475 Romanos
921 3423 1039 3491 epistula
1056 3423 1142 3476 tertia
1160 3423 1259 3492 EMQ)
1280 3425 1312 3477 ut
1329 3420 1374 3474 his
1391 3437 1454 3476 cou-

258 3514 266 3524 ·
320 3505 468 3562 sessoribus
492 3506 548 3575 (his
566 3507 761 3562 confessoribus
779 3522 829 3562 oia
851 3507 885 3573 Τ)
909 3507 956 3575 qui
973 3508 1003 3561 in
1020 3522 1125 3563 carcere
1149 3509 1292 3579 (carcerem
1310 3493 1372 3577 Q'T)
1389 3509 1455 3562 suut

319 3593 462 3648 constituti
479 3590 740 3648 humanitas'omnis
759 3594 889 3664 (Omnium
903 3594 937 3661 Τ)
961 3592 1122 3663 praebeatur
1142 3595 1254 3665 explicit
1271 3592 1453 3664 ELMNQI',

318 3679 362 3735 Ad
371 3679 472 3734 clerum
480 3677 592 3749 eoquod
602 3695 656 3734 nou
667 3681 758 3751 ponet
767 3681 867 3733 temere
879 3679 1036 3752 carthagine
1047 3682 1141 3737 neuim
1151 3684 1261 3751 propter
1273 3680 1454 3737 confessorum

319 3781 430 3835 corpora
447 3767 495 3836 qui
511 3765 541 3820 in
558 3781 661 3822 carcere
678 3763 853 3821 reddiderunt
870 3765 990 3834 (explicit
1005 3765 1072 3821 cdd.
1088 3770 1126 3831 aa)
1143 3783 1195 3835 ηις,
1214 3766 1333 3836 Explicit
1344 3781 1367 3819 e.
1386 3795 1417 3806 -

371 3850 459 3922 Epist.
476 3851 557 3906 xm.
576 3881 610 3893 -
626 3851 729 3922 incipit
753 3850 787 3906 ael
804 3850 986 3920 Rogatimm
1008 3853 1038 3906 et
1055 3854 1156 3906 ceteros
1179 3850 1212 3905 de
1230 3848 1396 3906 obseremus
1412 3850 1454 3905 ni-

319 3937 436 4007 scipliua
453 3936 593 4008 LNPQS,
619 3938 721 4007 Incipit
746 3936 782 3991 ael
798 3936 979 4006 Rogatianum
1001 3940 1030 3993 et
1050 3940 1152 3993 eeteros
1178 3937 1341 3993 confessores
1365 3934 1401 3991 R
1421 3965 1453 3978 -

320 4023 355 4078 12
372 4022 568 4078 confessoribus
579 4023 723 4094 fratibus]
741 4021 923 4078 confratribus
935 4024 963 4080 L
1031 4023 1066 4078 15
1083 4024 1198 4080 uirtutis
1211 4023 1241 4088 8,
1259 4023 1363 4078 uirtute
1376 4020 1454 4092 0¹3¹

320 4109 434 4178 (uirtuti
450 4111 497 4180 Μ)
583 4110 618 4165 16
635 4112 729 4166 nostra
752 4125 787 4164 es
809 4111 899 4163 uestra
917 4109 941 4165 8
1027 4110 1061 4165 19
1079 4110 1240 4166 confessioni
1258 4110 1327 4175 nni,
1351 4107 1455 4164 confes·

319 4194 432 4266 moueQ
500 4197 591 4250 uestra
608 4199 638 4252 et
651 4196 687 4268 θ’
704 4197 823 4268 (ucenae
834 4195 919 4267 W)
988 4197 1114 4274 honorem
1127 4197 1156 4252 R
