3570 4936
547 333 728 404 Epistulae
745 332 869 395 LXXV.
887 349 909 388 a
930 331 1040 386 17-21.
1295 332 1359 400 823

224 493 383 577 baptismo
403 489 592 559 dubitabant
612 488 666 572 qui
687 488 748 555 etsi
768 505 863 553 nouos
883 486 1049 570 prophetas
1064 488 1219 572 recipiunt
1234 487 1357 554 eosdem

225 598 334 662 tamen
354 597 477 678 patrem
492 598 524 662 et
538 595 641 662 filium
660 611 750 659 nosse
764 591 927 657 nobiscum
941 592 1099 676 uidentur,
1115 593 1247 677 plurimi
1262 592 1358 660 simul

226 698 444 768 conuenientes
465 701 498 766 in
520 701 624 767 Iconio
651 694 892 784 diligentissime
914 696 1120 764 tractauimus
1142 698 1174 762 et
1195 697 1359 764 confirma·

226 802 333 869 uimua
352 804 581 888 repudiandum
601 822 667 870 esse
688 818 777 869 omne
797 798 923 864 omnino
944 797 1104 882 baptisma
1118 799 1200 885 quod
1216 801 1259 867 sit
1272 801 1360 866 extra

205 905 393 973 eccclesiam
409 909 626 975 constitutum.

272 1007 325 1076 Ad
339 1008 421 1077 illud
436 1014 543 1079 autem
557 1011 639 1096 quod
654 1027 709 1095 pro
723 1005 889 1076 haereticis
903 1006 1023 1090 ponunt
1033 1009 1066 1073 et
1077 1008 1168 1074 aiunt
1183 1008 1359 1090 apostolum
1368 1015 1410 1078 20

231 1112 347 1179 dixisse
361 1115 447 1182 siue
466 1136 533 1199 per
553 1116 812 1192 occasionem,
833 1111 917 1178 siue
937 1127 1003 1192 per
1023 1110 1235 1176 ueritatem
1250 1109 1360 1176 Chri·

228 1218 315 1282 stus
343 1217 624 1299 adnuntiatur,
653 1221 690 1284 ut
710 1216 960 1302 respondeamus,
989 1213 1132 1294 ineptum
1155 1216 1212 1297 cst,
1236 1213 1359 1298 quaudo

229 1317 435 1387 manifestum
456 1322 499 1387 sit
520 1322 696 1405 apostolum
716 1321 750 1387 iu
771 1318 903 1403 epistola
923 1336 981 1383 sua
1000 1334 1062 1399 qua
1081 1314 1139 1382 hoc
1160 1316 1241 1382 dixit
1260 1336 1360 1399 neque

195 1421 458 1491 inhaereticorum
487 1443 586 1509 neque
615 1424 764 1507 baptismi
793 1442 899 1488 eorum
928 1419 1120 1486 mentionem
1150 1417 1270 1499 fecisse,
1305 1420 1359 1499 sed

228 1525 371 1592 locutum
386 1546 452 1593 esse
467 1528 506 1593 do
521 1527 671 1594 fratribus
685 1528 811 1592 tautum
825 1524 893 1590 siue
906 1521 1023 1606 perfide
1038 1541 1144 1588 secum
1158 1521 1359 1605 loquentibus
1484 1540 1490 1552 ·

225 1629 294 1695 siue
323 1630 356 1694 in
382 1629 444 1696 fide
473 1629 593 1696 sincera
621 1627 899 1715 perseuerantibus,
929 1647 985 1694 nec
1013 1626 1155 1709 oporteat
1182 1625 1240 1691 hoc
1266 1624 1360 1711 longo

225 1732 363 1798 tractatu
387 1733 539 1808 excutere,
566 1730 621 1796 sed
643 1732 744 1814 ipsam
766 1732 844 1797 satis
866 1732 909 1796 sit
931 1727 1095 1814 epistolam
1118 1730 1223 1815 legere
1237 1730 1269 1795 et
1284 1726 1360 1810 quid

226 1834 387 1919 apostolus
407 1833 522 1899 dixerit
537 1833 575 1900 de
590 1834 657 1918 ipso
671 1835 810 1917 apostolo
824 1851 1048 1920 recognoscere.

193 1958 219 1999 ru
273 1933 356 2016 Quid
378 1954 462 2021 ergo,
488 1937 643 2021 inquiunt,
670 1937 724 2003 fiet
745 1938 784 2004 de
804 1939 854 2004 his
878 1939 932 2021 qui
954 1937 994 2004 ab
1015 1936 1180 2002 haereticis
1202 1934 1407 2001 uenientesal

227 2041 294 2107 sine
316 2041 464 2106 ecclesiae
483 2040 639 2125 baptismo
654 2042 784 2120 admissi
801 2045 897 2108 sunt?
919 2042 947 2107 si
962 2042 1002 2106 de
1016 2031 1139 2107 saeculo
1154 2041 1359 2118 excessemnt,

228 2149 262 2210 in
284 2163 390 2211 eorum
416 2162 545 2210 numero
571 2144 625 2227 qui
647 2145 729 2228 apud
751 2163 806 2211 nos
829 2145 1015 2212 catechizati
1040 2144 1168 2227 quidem
1194 2144 1277 2221 sunt,
1305 2141 1359 2207 sod

226 2248 314 2331 prius
349 2266 444 2330 quam
473 2247 707 2331 baptizarentur
735 2249 881 2314 obierunt
908 2247 1073 2324 habentur,
1109 2265 1171 2312 non
1201 2246 1359 2313 modicum

226 2350 474 2416 emolumentum
504 2350 648 2416 ueritatis
674 2352 706 2414 et
731 2350 814 2428 fidei,
843 2350 883 2414 ad
908 2369 1002 2432 quam
1027 2349 1137 2415 relicto
1163 2368 1265 2415 errore
1289 2368 1360 2434 por-

193 2454 389 2531 euenerant,
405 2453 464 2517 etei
480 2452 779 2518 consummationem
794 2452 915 2537 gratiae
930 2451 1086 2518 consecuti
1102 2470 1163 2516 non
1175 2453 1249 2517 sunt
1260 2452 1361 2516 morto

226 2556 398 2640 praeuenti.
423 2557 478 2637 qui
501 2558 608 2622 autem
631 2554 731 2620 adhuc
753 2556 787 2620 in
811 2555 933 2621 saeculo
955 2556 1140 2637 permanent
1161 2553 1361 2636 baptizentur

227 2657 375 2724 ecclesiae
390 2657 556 2740 baptismo,
571 2661 609 2723 ut
623 2657 840 2724 remissionem
853 2660 1053 2739 peccatorum
1068 2656 1212 2739 consequi
1228 2655 1359 2739 possint,

229 2779 270 2826 no
283 2777 339 2844 per
353 2759 489 2825 alienam
509 2761 791 2844 praesumptionem
806 2761 839 2825 in
854 2760 987 2843 pristino
1001 2760 1102 2824 errore
1118 2762 1280 2825 manontes
1294 2759 1361 2824 sine
1476 2835 1479 2840 A

228 2863 348 2949 gratiae
372 2865 638 2930 consummatione
658 2864 839 2929 moriuntur.
865 2866 1002 2929 ceterum
1026 2862 1116 2944 quale
1139 2862 1291 2928 delictum
1313 2863 1362 2926 cst

190 2967 280 3032 aeusi
301 2965 429 3031 idomm
444 2967 498 3049 qui
520 2965 733 3032 admittuntur
754 2966 805 3032 uel
828 2983 935 3032 eorum
956 2965 1010 3048 qui
1031 2965 1216 3043 admittunt,
1243 2967 1361 3031 utnon

227 3069 345 3135 ablutis
366 3087 422 3151 per
443 3068 590 3135 ecclesiae
616 3068 777 3135 lauaorum
802 3070 945 3135 sordibus
970 3087 1027 3135 nec
1049 3069 1186 3153 peccatis
1212 3068 1361 3152 expositis

227 3172 378 3255 neumata
392 3174 510 3238 temero
524 3173 804 3239 communicatione
815 3174 998 3255 contingunt
1009 3191 1120 3257 corpus
1133 3174 1165 3238 et
1176 3172 1360 3257 sangninem

224 3273 364 3351 Domini,
387 3293 460 3341 cum
480 3274 634 3361 scriptum
653 3277 711 3342 sit:
735 3278 966 3361 quicumque
988 3276 1117 3342 oderit
1136 3294 1272 3361 panem
1293 3275 1362 3341 aut

329 3477 438 3557 rann
457 3480 482 3545 1,
501 3479 543 3535 re.
613 3479 649 3535 aa
665 3479 681 3535 1
699 3479 756 3536 cor.
776 3480 818 3546 11,
835 3478 879 3534 no.

280 3650 296 3703 1
308 3663 393 3704 nouos
407 3649 452 3720 ρ’,
464 3665 518 3704 non
530 3665 579 3706 uos
591 3649 722 3722 EfflQ1,
734 3668 787 3707 uon
799 3653 831 3706 ut
842 3666 891 3705 nos
903 3651 1043 3707 Bduaiue
1117 3652 1135 3708 3
1147 3653 1176 3708 iu
1188 3670 1239 3710 ocu
1251 3653 1327 3725 nlq

228 3735 363 3790 domnem
379 3735 403 3806 Q
529 3737 739 3808 tupoetolorum
751 3739 789 3793 Μ
799 3738 963 3808 (apostolum
978 3737 1027 3808 ως
1037 3739 1131 3795 deret
1145 3743 1164 3796 9
1283 3741 1362 3796 8un·

227 3821 370 3876 nuncietur
383 3823 418 3877 Io
499 3824 531 3877 11
544 3826 653 3879 tuntum
664 3823 697 3878 de
708 3823 842 3879 fratribus
858 3822 882 3893 Q
948 3839 996 3894 per
1008 3822 1089 3879 fldem
1102 3823 1158 3896 EQ
1239 3827 1273 3882 12
1284 3843 1361 3898 opor·

228 3907 284 3962 tiat
295 3907 333 3961 Μ
341 3907 477 3977 (oporteat
491 3907 526 3978 Q)
642 3909 675 3964 17
687 3910 808 3981 numero]
820 3907 956 3965 habentur
967 3910 1012 3965 bio
1023 3911 1151 3967 buente
1264 3914 1360 3969 outeci

226 3993 318 4048 rutil
471 3995 506 4051 18
517 3994 652 4051 habentur
663 3994 760 4067 310²,
777 3995 909 4051 habentes
921 3994 1007 4067 MQ1,
1024 3995 1162 4051 habentur
1175 3997 1360 4057 natumsed

225 4079 381 4153 Eiectum
398 4080 613 4147 forthabeutur
624 4081 737 4138 fruituri
891 4083 1106 4140 modicumooat
1119 4080 1364 4156 Mercator,modo

225 4165 321 4222 dicunt
332 4166 424 4238 ElQo
429 4187 440 4236 ;
453 4183 506 4221 non
518 4167 596 4224 modo
608 4167 799 4225 hamsocne.
811 4168 953 4240 equetus
1087 4167 1123 4223 25
1134 4167 1293 4230 admittunt
1303 4190 1331 4228 u.
1341 4185 1368 4224 e.

224 4253 273 4322 qui
286 4252 500 4310 admittunturo
