3570 4936
642 302 1078 412 'spreturum-nrm.
1327 410 1331 417 .
1368 343 1429 408 ΠΙ

565 648 938 765 EPISTVLA
972 649 1171 764 LXXI.

593 872 796 932 CYPRIANVS
813 869 949 939 Qvneao
967 870 1145 926 FRATRIS.

345 1099 469 1166 Retulit
483 1102 524 1167 ad
537 1120 598 1180 me,
620 1100 718 1166 frater
731 1099 902 1176 carissime,
924 1095 1080 1162 anianns
1097 1096 1315 1180 conpresbyter
1327 1100 1456 1165 nosterl

302 1203 334 1268 te
356 1202 547 1271 desiderasse
567 1208 604 1271 nt
624 1204 872 1290 significaremus
893 1200 954 1266 tibi
975 1197 1051 1282 quid
1072 1196 1244 1262 sentiamus
1254 1200 1297 1270 ‚de
1310 1199 1360 1265 his
1375 1199 1429 1283 qni

205 1309 209 1317 '
275 1307 386 1390 sapnd
407 1306 579 1374 haereticos
600 1311 632 1374 et
653 1306 868 1373 schismaticos
888 1302 1040 1387 baptizati
1062 1299 1237 1365 uideantur.
1263 1301 1302 1365 de
1322 1319 1383 1382 qua
1397 1319 1431 1367 ra

306 1408 382 1492 qnid
396 1429 495 1493 nuper
508 1411 543 1476 in
557 1411 686 1476 concilio
699 1409 830 1493 plurimi
846 1405 1016 1489 coepiscopi
1032 1423 1102 1469 eum
1118 1401 1361 1486 conpresbyteris
1376 1404 1430 1486 qui

302 1512 432 1578 aderant
446 1513 659 1578 censuerimus
673 1513 709 1576 ut
723 1511 828 1594 scires,
851 1509 992 1575 eiusdem
1008 1506 1162 1589 epistulae
1178 1504 1354 1589 exemplum
1369 1505 1431 1571 tibi

303 1616 385 1681 misi.
407 1616 509 1681 nescio
531 1633 592 1697 qua
606 1615 721 1680 etenim
735 1612 986 1697 praesumptione
1000 1610 1157 1676 ducuntur
1170 1609 1298 1692 qnidam
1313 1608 1351 1673 de
1366 1611 1431 1674 col·

303 1718 384 1802 legis
395 1717 510 1784 nostris
520 1719 558 1782 nt
567 1718 679 1799 putent
690 1735 741 1782 eos
752 1717 807 1798 qui
819 1713 901 1799 apud
916 1712 1088 1779 haereticos
1102 1712 1196 1778 tincti
1212 1715 1294 1791 sunt,
1310 1713 1430 1795 qnando

264 1821 342 1887 read
363 1836 419 1884 nos
440 1820 589 1896 uenerint,
615 1818 765 1900 baptizari
786 1835 847 1884 non
869 1819 1018 1900 oportere,
1043 1833 1078 1881 eo
1099 1817 1182 1899 qnod
1201 1816 1307 1883 dicant
1328 1835 1425 1881 unum

301 1922 460 2005 baptisma
473 1940 555 1987 esse:
577 1921 658 2005 quod
673 1941 771 1986 unum
786 1921 906 1987 scilicet
921 1921 955 1985 in
970 1920 1101 1986 eeclesia
1115 1921 1267 1986 catholiea
1281 1922 1339 1999 est,
1355 1919 1429 2003 qnia

301 2023 432 2089 eeclesia
451 2043 513 2111 nna
533 2026 628 2091 estet
643 2043 707 2090 esse
728 2025 887 2109 baptisma
906 2026 1030 2106 praeter
1049 2023 1210 2089 ecclesiam
1232 2040 1292 2087 non
1313 2023 1424 2105 potest.

303 2146 376 2192 nam
402 2147 474 2193 cum
500 2128 561 2193 dno
587 2128 780 2212 baptismata
805 2147 871 2194 esse
897 2145 957 2192 non
982 2127 1112 2210 possint,
1138 2126 1166 2190 si
1187 2126 1335 2191 haeretici
1358 2143 1430 2192 nere

303 2229 477 2313 baptizant,
499 2231 561 2316 ipsi
581 2231 696 2296 habent
715 2230 880 2314 baptisma.
904 2231 1004 2313 etqui
1020 2229 1077 2294 hoe
1091 2228 1156 2293 illis
1171 2230 1377 2311 patrocinium
1392 2228 1431 2294 de

267 2333 491 2401 seauctoritate
519 2352 576 2399 sna
603 2335 749 2416 praestat,
779 2334 861 2398 cedit
887 2333 952 2398 illis
977 2335 1010 2399 et
1036 2331 1189 2397 consentit
1212 2334 1250 2396 nt
1275 2331 1372 2396 hostis
1398 2332 1431 2395 et

303 2435 499 2516 aduersarius
521 2435 637 2501 Christi
664 2436 777 2502 hahere
803 2437 949 2501 uideatur
974 2435 1119 2500 abluendi
1142 2436 1173 2499 et
1194 2433 1376 2516 purificandi
1398 2434 1431 2497 et

305 2537 519 2603 sanctificandi
546 2539 680 2604 hominis
706 2541 905 2623 potestatem.
933 2555 988 2604 nos
1014 2539 1119 2602 antem
1144 2537 1278 2602 dicimus
1304 2535 1431 2618 eosqui

306 2640 379 2705 inde
394 2642 526 2706 ueniunt
540 2659 601 2707 non
615 2642 801 2724 rebaptizari
816 2643 898 2724 apud
912 2659 967 2705 nos
982 2639 1036 2706 sed
1051 2639 1211 2721 baptizari.
1233 2638 1431 2721 nequeenim

301 2891 432 2962 (Explicit
441 2892 475 2946 ad
484 2893 643 2947 Iuncianum
652 2894 688 2962 P)
698 2894 730 2948 de
740 2895 883 2949 haereticis
891 2892 1061 2964 baptisandis
1071 2894 1189 2962 epistula
1199 2909 1233 2947 ·n·
1243 2894 1345 2961 lll(·n·
1356 2894 1385 2949 11
1394 2895 1433 2964 Ρ)

302 2978 419 3048 explicat
431 2979 494 3047 (ora
508 2979 546 3046 P)
559 2978 620 3043 ΒΡ,
644 2980 686 3033 Ad
698 2979 852 3034 Ianuarium
872 2980 905 3034 de
922 2978 1057 3048 baptismo
1074 2979 1184 3047 explicit
1198 2980 1229 3049 Q,
1250 2981 1292 3036 sd
1304 2981 1433 3051 (Explicit

302 3065 337 3119 ad
353 3065 385 3132 0)
399 3064 517 3134 collegas
529 3064 562 3119 de
573 3065 699 3119 hereticis
711 3064 881 3134 baptizandis
892 3065 1003 3135 explicit
1015 3066 1076 3132 (ona
1093 3064 1126 3132 0)
1143 3065 1200 3130 OB,
1218 3065 1336 3136 Explicit
1347 3066 1431 3122 cecili

305 3149 433 3220 Cypriani
445 3150 478 3204 ad
491 3151 634 3205 lunianum
646 3155 674 3205 et
685 3154 786 3205 eeteros
797 3152 960 3206 confessores
972 3169 995 3206 c.
1008 3182 1041 3191 -

356 3235 444 3305 Epist
457 3235 552 3291 LXXI.
571 3267 605 3277 -
620 3237 722 3307 lneipit
742 3237 776 3292 ad
787 3236 919 3304 Quintum
940 3237 1067 3307 (feliciter
1089 3236 1154 3291 odd.
1172 3238 1202 3302 0,
1223 3236 1256 3292 de
1277 3238 1430 3293 eorumdem

303 3321 467 3392 baptismate
488 3323 554 3378 edd.
572 3323 610 3393 Β)
631 3323 777 3391 BOLNP,
799 3323 842 3378 ad
859 3323 990 3391 Quintum
1011 3323 1127 3392 epistola
1147 3323 1173 3378 h.
1186 3322 1365 3392 CyprianiH,
1387 3323 1431 3378 Ad

302 3407 437 3462 Inbanum
456 3409 488 3462 de
505 3409 632 3464 hereticis
651 3409 823 3479 baptizandis
843 3410 955 3479 explicit
975 3409 1045 3464 Item
1065 3409 1209 3478 incipitad
1221 3409 1352 3477 Quintum
1374 3411 1431 3480 epi·

304 3495 376 3549 stola
389 3495 615 3565 elnoniensis
629 3498 660 3552 T.
673 3497 871 3566 -2qnintino
888 3497 912 3553 0
1040 3496 1179 3551 3rsttnlit
1192 3497 1220 3550 Β
1347 3497 1430 3552 4tihi

303 3580 369 3649 quid
389 3582 536 3635 sentiamus
557 3597 606 3636 ost
626 3583 664 3638 P¹
819 3581 987 3653 5l>aptizari
1000 3583 1026 3636 T
1178 3583 1305 3638 uidentur
1327 3582 1397 3641 OHo

302 3666 397 3735 6qnid
408 3667 444 3721 H
451 3683 471 3722 s.
485 3667 502 3721 1.
515 3684 550 3720 m.
562 3671 588 3735 2,
602 3668 708 3737 quidem
720 3669 749 3722 Β
878 3669 994 3739 episeopi
1007 3668 1046 3722 Ρι
1173 3668 1331 3738 presbiteris
1344 3670 1399 3726 BG

302 3750 320 3805 8
332 3753 432 3807 etenim
445 3769 526 3822 qnae
645 3755 662 3807 9
674 3755 833 3825 haereticos]
846 3756 875 3809 et
887 3755 1053 3809 scismaticos
1064 3754 1129 3810 odd.
1142 3755 1178 3809 H
1295 3754 1329 3810 10
1339 3755 1430 3827 bapti-

302 3853 362 3892 aare
374 3839 410 3903 H
562 3840 594 3896 11
607 3839 636 3894 in
648 3841 758 3895 ecelesia
769 3841 912 3911 catholiea]
931 3839 990 3894 ideo
1002 3840 1067 3895 Bao
1222 3841 1299 3912 qnia]
1316 3857 1384 3911 quae
1401 3842 1430 3908 0,

302 3925 403 3993 quaN
533 3926 1112 3991 manummeriasmoccense.
1238 3929 1397 3985 etoraO'o

304 4010 439 4082 baptisma
450 4028 508 4066 esse
520 4012 556 4067 H
659 4014 775 4084 praeter]
788 4016 892 4069 extrav
1003 4013 1206 4082 laperasperi
1315 4014 1349 4067 15
1359 4013 1432 4070 cedit

302 4112 337 4151 eor
348 4097 467 4154 cedato
585 4097 676 4152 hostes
692 4099 733 4163 θ’,
746 4100 795 4155 hos
810 4100 837 4154 Β
958 4101 986 4153 et
997 4115 1046 4153 osa
1060 4098 1088 4151 Β
1210 4100 1244 4155 16
1256 4099 1352 4155 christi
1363 4104 1395 4156 ut
1408 4100 1435 4156 T

302 4183 350 4238 sed
361 4187 394 4238 ut
404 4200 426 4239 s.
438 4185 456 4239 l.
561 4183 703 4239 uideantur
716 4186 752 4239 Τ1
861 4187 894 4240 17
906 4184 1026 4241 dicemus
1042 4184 1076 4240 0¹
1186 4185 1220 4241 18
1232 4186 1294 4242 inde
1306 4203 1357 4243 oar.
1371 4187 1398 4242 Β

303 4271 426 4325 uenerint
441 4271 465 4327 0
567 4270 639 4341 apud
650 4287 698 4326 nos
709 4287 759 4326 om.
774 4273 798 4328 0
901 4271 949 4327 aed
961 4271 1096 4344 baptizari
1108 4287 1159 4326 ona
1174 4272 1228 4329 ΒΟ

1154 4361 1227 4427 49*
