3570 4936
625 406 787 478 epistula
808 405 1169 463 xxvrru-xxvrrm
1395 408 1459 476 547

329 563 472 648 gloriam,
498 563 622 629 tautum
649 563 790 649 gratulor
814 562 933 646 pariter
954 562 1097 629 etuobis
1110 562 1149 627 ob
1164 564 1336 631 dominicae
1363 563 1462 631 etism

329 665 510 750 disciplinae
544 683 697 732 coronam.
733 665 947 751 dignationem
981 683 1072 731 suam
1101 664 1255 733 Dominus
1288 665 1460 752 multiplici

329 788 440 855 genere
466 769 625 855 largitatis
651 768 780 850 inludit,
806 769 958 835 bonorum
983 768 1125 835 militum
1150 769 1258 836 laudes
1284 772 1316 837 et
1342 772 1461 858 glortas

328 873 484 956 spiritales
499 872 620 955 copiosa
633 873 787 941 uarietate
801 872 974 939 distribuit.
990 872 1121 939 honores
1135 872 1234 938 uestri
1248 873 1415 959 participes
1428 875 1461 941 et

304 993 383 1042 snos
397 994 515 1059 sumus,
540 976 672 1061 gloriam
687 977 824 1042 umnam
838 976 978 1042 nostram
993 975 1127 1061 gloriam
1143 975 1357 1059 conputamus,
1381 997 1459 1062 quo-

327 1097 397 1144 rum
420 1079 561 1162 tempora
582 1080 765 1147 inlustrauit
788 1081 879 1147 tanta
899 1079 1035 1147 felicitas
1052 1081 1088 1146 ut
1102 1079 1203 1146 aetete
1225 1080 1332 1145 nostru
1352 1080 1459 1148 uidere

327 1181 521 1266 contingeret
533 1183 681 1267 probatos
696 1200 801 1249 seruos
816 1184 876 1250 Dei
891 1186 923 1251 et
934 1183 1051 1250 Christi
1066 1183 1186 1249 milites
1201 1183 1370 1250 coronatos.
1386 1186 1460 1266 opto

327 1303 392 1363 nos,
407 1283 570 1352 tortissimi
586 1305 622 1353 ac
636 1286 815 1353 beatissimi
830 1287 953 1369 tetros
969 1306 1091 1371 semper
1105 1286 1181 1352 bene
1196 1286 1302 1353 ualere
1316 1288 1349 1352 et
1358 1288 1459 1354 nostri

326 1407 537 1455 meminisse.-

292 1752 318 1792 ,ο
401 1771 404 1804 ,
518 1677 910 1789 sessurus
950 1675 1272 1788 xxviiii:

376 1880 578 1937 CYPRIANVS
595 1880 840 1937 anssrussm
857 1881 902 1936 ET
919 1879 1140 1937 DIACONIBVS
1157 1879 1359 1937 FBA'IRIBVS
1376 1883 1405 1937 S.

366 2050 415 2118 Ne
430 2052 505 2135 quid
527 2053 747 2120 conscientiam
762 2054 900 2119 uestram
919 2052 1043 2130 lateret,
1067 2050 1179 2117 fratres
1193 2053 1356 2132 carissimi,
1380 2053 1457 2139 quid

324 2154 404 2220 mihi
424 2157 576 2239 scriptum
597 2157 641 2223 sit
661 2155 797 2240 quidque
812 2175 869 2241 ego
884 2155 1105 2237 rescripserim,
1128 2155 1293 2241 utriusque
1308 2158 1457 2240 epistolae

324 2258 500 2342 exemplum
515 2259 605 2325 uobis
616 2258 705 2325 misi:
722 2260 755 2325 et
766 2259 856 2326 credo
868 2259 958 2325 uobis
968 2258 1002 2323 id
1014 2258 1096 2341 quod
1110 2258 1254 2341 rescripsi
1267 2277 1328 2325 non
1344 2260 1456 2345 displi-

290 2379 399 2427 noere.
427 2364 480 2428 sed
496 2362 528 2428 et
541 2362 623 2428 illud
645 2363 685 2428 ad
706 2379 763 2428 nos
786 2362 921 2446 persone
943 2361 1060 2427 litteris
1083 2362 1162 2426 meis
1186 2361 1280 2427 debui
1302 2367 1456 2449 urguente

322 2482 415 2530 censa
437 2466 519 2532 clero
533 2466 567 2531 in
581 2465 658 2531 urbe
681 2465 863 2531 consistenti
885 2465 1010 2530 litteras
1030 2481 1081 2528 me
1100 2462 1233 2529 misisse.
1261 2466 1294 2529 et
1309 2467 1455 2548 quoniam

321 2567 458 2649 oportuit
478 2587 529 2633 me
548 2586 604 2651 per
623 2567 751 2634 clericos
772 2568 917 2647 scribere,
941 2568 1004 2633 scio
1027 2567 1134 2632 autem
1157 2567 1278 2633 nostros
1300 2567 1455 2652 plurimos

372 2769 504 2839 lgloriee
516 2785 550 2825 ec
562 2769 680 2840 gloriam
697 2769 722 2826 0
816 2770 927 2839 dquam
944 2769 1129 2840 dignationem
1141 2784 1217 2824 auam
1229 2770 1266 2836 N,
1286 2769 1454 2840 dignationis

318 2854 422 2925 sune
484 2837 574 2910 onis
637 2853 747 2909 annue
759 2854 788 2911 P
850 2856 967 2925 proram
978 2854 1131 2925 spiritalem
1142 2854 1177 2910 rr
1233 2856 1423 2925 depromo

317 2941 435 3012 bgloria
446 2941 577 2998 uestraG
643 2942 737 2996 nostra
748 2942 776 2997 P
856 2942 1003 2996 daetatem
1014 2943 1133 2996 nostram
1144 2940 1189 2995 Pe
1269 2941 1453 3012 icontingere

321 3025 377 3096 DQ
456 3029 485 3082 et
495 3025 622 3096 probatos
639 3026 662 3097 Q
748 3043 904 3083 coronamus
915 3027 944 3084 R
1029 3029 1093 3097 opto
1106 3066 1130 3080 ..
1141 3066 1149 3082 .
1162 3027 1317 3082 meminisse
1328 3043 1380 3082 oss
1397 3026 1422 3084 0
1521 3067 1525 3080 .

321 3111 448 3167 8Iratres
460 3111 551 3182 mQ
627 3094 724 3167 inoffi
733 3129 837 3184 semper
848 3113 876 3168 L
950 3113 1076 3168 etnostri
1088 3113 1305 3168 meminissemus
1318 3113 1353 3180 P,
1366 3115 1395 3168 et
1406 3096 1453 3168 ᾗ

318 3215 377 3256 esee
388 3199 417 3256 R
513 3200 530 3255 9
547 3199 710 3270 meminisse]
733 3201 799 3259 add.
818 3200 904 3290 1119ψ
917 3200 1071 3257 emendauit
1088 3199 1206 3255 iustinus
1224 3216 1321 3256 romae
1335 3231 1369 3242 -
1380 3200 1451 3256 licei

319 3287 418 3356 (moysi
429 3285 468 3358 P)
484 3288 512 3341 et
522 3286 640 3342 Meximo
652 3285 818 3358 presbyteris
835 3289 891 3359 (prr
903 3289 940 3356 N,
962 3287 1178 3359 presbyterorum
1190 3287 1228 3358 L)
1241 3289 1269 3342 et
1281 3288 1378 3342 ceteris
1390 3303 1452 3344 con·

319 3369 466 3427 sessoribus
487 3373 599 3443 explicit
619 3372 739 3443 LNPQ,
763 3373 885 3445 Explicit
905 3374 1020 3444 epistola
1038 3373 1164 3445 Cypriani
1185 3373 1261 3444 (lep.
1281 3388 1305 3428 θ.
1322 3373 1453 3444 cyprini
1539 3433 1544 3444 .

318 3476 368 3517 oses
387 3458 426 3528 B)
446 3458 481 3514 ad
500 3458 611 3528 Moysen
632 3461 662 3514 et
685 3458 731 3528 (ad
752 3460 786 3529 0)
806 3459 954 3515 Maximum
975 3463 1003 3515 et
1023 3463 1125 3515 ceteros
1145 3460 1308 3514 consessores
1329 3459 1453 3530 (explicit

370 3631 456 3703 Epist
469 3631 615 3687 XXVIIII.
633 3662 667 3673 -
679 3630 782 3703 Incipit
793 3631 923 3702 (epistula
935 3631 1057 3702 cipriani
1074 3631 1138 3687 cdd
1152 3633 1229 3701 ΜΤ)
1249 3631 1285 3686 ad
1296 3632 1397 3687 clerum
1408 3632 1452 3686 in·

318 3718 429 3773 sinum
452 3716 522 3788 quod
543 3718 575 3771 nt
596 3717 679 3773 Rome
702 3717 811 3772 litteras
836 3719 944 3774 mittere
968 3720 1031 3786 (orn
1053 3718 1129 3788 EM)
1152 3717 1248 3773 iecisse
1269 3733 1298 3772 se
1318 3717 1452 3788 Optatum

318 3805 423 3874 (optato
433 3804 480 3874 Μ)
492 3803 724 3875 hyppodieecuum
737 3804 930 3874 (hypodiacono
941 3804 1013 3874 MT)
1026 3807 1055 3859 et
1066 3805 1193 3860 Saturum
1211 3805 1338 3860 lectorem
1350 3804 1449 3870 EMI',

318 3891 420 3962 Incipit
432 3890 467 3946 ad
478 3893 579 3946 olerum
599 3892 740 3946 insinuans
763 3892 835 3964 quod
851 3894 980 3963 numque
997 3891 1106 3948 litteras
1122 3906 1196 3946 rome
1211 3892 1306 3948 iecisse
1318 3890 1451 3964 Optatum

317 3976 444 4031 summ
457 3979 485 4032 se
496 3976 684 4048 sponsorum
695 3976 789 4033 reses
800 3979 928 4034 recem
940 3994 964 4045 ο,
982 3977 1023 4032 os
1033 3976 1182 4033 runcone
1193 3961 1337 4049 effusio
1349 3977 1451 4033 osser-

317 4061 408 4117 bentis
419 4061 520 4119 &mae
536 4062 571 4117 sd
582 4063 683 4118 clerum
696 4083 725 4133 μ,
742 4080 793 4120 cors
808 4086 839 4119 ω.
852 4094 885 4105 -
897 4064 932 4119 12
943 4080 991 4119 uos
1002 4064 1049 4119 uel
1061 4064 1251 4120 conscientiam
1262 4067 1383 4120 uestram
1394 4084 1415 4135 μ

316 4148 402 4203 latere
417 4148 443 4204 Τ
539 4148 703 4220 requieque
721 4164 772 4220 ego
788 4150 971 4221 rescripserim
990 4165 1039 4206 orn
1053 4151 1121 4209 Eoo
1219 4152 1254 4207 14
1269 4149 1347 4206 uobis
1363 4166 1452 4205 exem·

314 4235 389 4305 plum
399 4253 416 4290 e
479 4235 624 4292 Iblitteris
636 4235 705 4291 meis
717 4236 864 4304 perferrem
931 4238 965 4295 16
973 4253 1015 4292 me
1027 4238 1143 4310 misisse]
1153 4238 1307 4293 meminisse
1317 4237 1411 4308 ΜΤμ·

315 4321 348 4376 17
360 4320 456 4377 clerico
468 4321 505 4377 M
570 4322 673 4393 autem]
685 4321 757 4376 eutm
770 4342 793 4377 ω

1176 4412 1247 4479 35*
