3570 4936
691 318 858 389 Epistula
874 317 1027 373 x1-xl1.
1047 335 1068 374 c
1087 318 1113 373 2.
1398 318 1463 385 503

326 478 393 544 illis
410 478 459 557 est
468 475 682 542 tolerauerunt
696 474 847 558 quidquid
861 475 1001 542 tolerare
1009 476 1111 558 parati
1127 477 1159 541 et
1171 475 1310 561 prompti
1325 473 1462 541 fuerumt.

327 582 381 666 qui
403 598 436 646 se
456 579 622 647 tormentis
637 581 670 647 et
682 579 778 646 morti
793 580 851 646 sub
865 578 964 647 oculis
978 580 1036 646 Dei
1052 580 1168 664 optulit
1181 599 1292 664 passus
1308 581 1356 646 eet
1370 577 1463 662 quid·

328 683 403 768 quid
427 681 496 767 pati
520 680 722 748 uoluit..non
748 681 832 748 enim
856 681 923 766 ipse
946 682 1121 761 tormentis,
1148 683 1203 750 secl
1225 682 1382 749 tormenta
1401 679 1464 765 ipsi

327 787 500 854 defuenmt.
531 785 598 868 qui
620 785 660 851 in
680 804 738 851 me
760 783 965 853 confessus
992 785 1120 854 luerit
1142 807 1271 854 coram
1292 784 1463 854 bomini·

306 892 414 971 ebus,
452 889 492 957 et
524 907 594 975 ego
626 889 667 956 in
701 888 779 955 illo
811 889 1038 957 confitebor
1070 909 1196 958 coram
1229 892 1341 975 patre
1375 906 1458 956 meo

217 993 220 1000 '
327 994 405 1059 dicit
427 992 590 1060 Dominus.
621 993 754 1060 confusi
783 996 866 1060 sunt.
902 995 969 1079 qui
997 995 1238 1062 tolerauerit
1265 1011 1389 1076 usque
1417 991 1464 1058 ad

301 1092 444 1163 'finem
474 1097 539 1164 hic
567 1097 806 1179 saluabitur‚
837 1098 915 1166 dicit
935 1098 1097 1166 Dominus.
1127 1097 1342 1165 tolerauerunt
1370 1097 1402 1161 et
1422 1094 1464 1161 ad

327 1199 421 1266 linem
444 1220 542 1286 usque
566 1203 747 1286 incorrupta
762 1203 794 1267 et
807 1202 1000 1269 inmaculata
1024 1201 1182 1268 uirtutum
1201 1218 1330 1266 suarum
1350 1199 1465 1264 merita

326 1305 533 1388 pertulerunt
567 1306 744 1372 etiterum
773 1306 925 1389 scriptum
955 1306 1018 1372 cst:
1052 1306 1134 1371 esto
1168 1300 1310 1368 fidelis
1343 1317 1464 1383 usque

293 1407 373 1472 read
392 1409 572 1488 mortem,
594 1411 633 1475 et
653 1408 753 1475 dabo
773 1408 850 1474 tibi
870 1426 1049 1475 coronam
1068 1407 1194 1473 uitae..
1210 1422 1308 1487 usque
1323 1402 1363 1469 ud
1378 1419 1464 1468 mor·

327 1511 394 1577 tem
408 1511 517 1578 fideles
530 1513 562 1577 et
574 1510 706 1579 stabiles
717 1514 750 1579 et
760 1511 1015 1595 inexpugnabiles
1028 1510 1243 1593 peruenerunt.
1266 1526 1337 1572 cum
1352 1506 1464 1572 uolun-

274 1675 279 1694 ,
327 1615 388 1680 tati
410 1616 443 1680 et
463 1613 649 1680 confessioni
670 1615 793 1681 nostrae
812 1616 845 1680 in
865 1631 986 1681 carcere
1007 1614 1040 1678 et
1061 1611 1196 1678 uinculis
1215 1610 1335 1676 accedit
1350 1611 1383 1675 et
1396 1627 1465 1675 mo·

328 1716 430 1782 riendi
444 1716 609 1794 terminus,
624 1717 839 1783 consummata
854 1714 997 1798 martyrii
1012 1713 1183 1798 gloriaest.

271 1861 275 1868 -
314 1802 317 1808 ⁵
370 1818 512 1902 Denique
536 1818 569 1883 ot
593 1818 661 1884 dies
690 1837 798 1884 eorum
822 1818 935 1902 quibus
966 1816 1117 1883 excedunt
1141 1814 1298 1892 adnotate,
1328 1814 1365 1879 ut
1390 1821 1492 1884 con-2

293 1921 568 1989 rememorationes
590 1938 696 1992 eorum
718 1922 801 1987 inter
821 1920 986 1987 memorias
1007 1920 1181 2003 martyrum
1197 1917 1352 1984 celebrare
1364 1915 1465 1999 possi·

327 2041 414 2089 mue:
445 2041 634 2115 quamquam
654 2025 815 2091 Tertullus
844 2022 1044 2089 fidelissimus
1065 2041 1101 2088 ac
1122 2021 1344 2087 deuotissimos
1366 2018 1465 2085 irater

211 2200 213 2204 Α
327 2128 433 2192 noster
456 2126 540 2192 inter
562 2126 666 2192 cetera
689 2127 900 2193 sollicitudine
921 2128 954 2192 ct
967 2144 1041 2191 cura
1065 2143 1123 2190 sua
1145 2142 1239 2207 quam
1262 2122 1416 2189 fratribus
1430 2121 1465 2187 in

328 2228 414 2295 omni
428 2229 576 2312 obsequio
590 2228 777 2312 operationis
792 2229 929 2313 inpertit,
956 2229 1011 2312 qui
1024 2247 1081 2294 nec
1094 2227 1162 2293 illio
1177 2227 1260 2293 circa
1274 2244 1382 2292 curam
1396 2242 1465 2316 cor·

328 2349 439 2415 porum
462 2331 559 2412 deest,
586 2333 746 2417 scripserit
760 2335 793 2399 et
807 2331 924 2399 scribat
938 2351 974 2399 ac
988 2330 1144 2416 significet
1162 2329 1242 2396 mihi
1262 2329 1330 2394 dise
1350 2329 1463 2412 quibus

294 2434 362 2505 scin
377 2452 499 2500 carcere
514 2433 600 2499 beati
614 2433 727 2499 iratres
741 2435 842 2499 nostri
856 2433 896 2498 ad
910 2433 1171 2499 inmortalitatem
1185 2432 1337 2515 gloriosae
1351 2429 1465 2496 mortis

329 2535 414 2600 exitu
429 2535 602 2613 transeunt,
618 2536 650 2600 et
664 2535 860 2601 celebrentur
872 2534 925 2601 hic
939 2554 958 2600 a
971 2533 1061 2600 nobie
1079 2533 1252 2599 oblationes
1267 2534 1300 2599 et
1314 2531 1465 2598 sacrificia

430 2752 567 2809 aucun
586 2752 628 2818 10,
643 2753 687 2808 82.
739 2752 874 2807 snauh.
892 2753 934 2819 10,
952 2754 995 2809 22.
1048 2753 1303 2824 9Apoo.2,10.¹

381 2942 397 2996 1
415 2941 543 3011 quidqnit
558 2957 587 2996 ns
604 2939 788 3010 (quioquidq)
846 2941 1017 2996 tolerare...
1030 2941 1047 2996 1.
1066 2942 1087 2996 2
1103 2941 1236 3011 quidquid
1253 2957 1303 2997 ona
1323 2957 1356 3013 eq
1406 2943 1465 2998 fue·

327 3032 390 3081 rant
401 3025 483 3097 Euo
560 3025 578 3080 2
595 3026 657 3096 quis
675 3028 704 3081 et
720 3026 865 3081 tormentis
875 3025 929 3097 Lo
946 3027 1017 3096 (quis
1034 3029 1063 3080 ct
1079 3028 1208 3082 armentis
1221 3027 1269 3096 Μ)
1339 3031 1367 3084 et
1383 3029 1466 3084 morti

327 3113 360 3167 iss
377 3111 554 3167 subdiderunt
570 3112 600 3166 ct
615 3111 663 3181 qui
679 3126 708 3165 se
723 3112 806 3166 morti
823 3125 894 3167 corr.
910 3113 937 3165 T
977 3171 981 3178 ,
1000 3112 1018 3166 ³
1036 3112 1089 3182 ipsi
1105 3113 1249 3167 tormentis
1266 3112 1312 3168 sed
1330 3115 1467 3169 tormenta

208 3207 214 3218 “
327 3198 395 3268 ipsis
407 3199 452 3269 αρ’
469 3199 540 3269 (ipse
557 3199 579 3252 t
597 3213 619 3252 a
631 3198 654 3250 t.
671 3196 726 3267 ipsi
743 3197 812 3267 Μ’)
881 3190 984 3267 buseo]
1003 3197 1051 3266 qui
1068 3197 1098 3252 in
1117 3198 1200 3253 caelis
1218 3201 1260 3253 ast
1278 3199 1344 3254 odet
1358 3199 1430 3271 EQv

327 3285 344 3340 6
360 3284 546 3340 toleraucrunt
563 3282 681 3340 confossi
698 3285 762 3338 sunt
779 3297 811 3353 eq
880 3282 924 3354 acl]
943 3283 973 3337 in
985 3282 1039 3354 EQ
1056 3282 1102 3352 (ad
1113 3284 1169 3352 Μ),
1188 3284 1223 3339 acl
1240 3285 1304 3355 inq
1373 3286 1389 3339 7
1407 3285 1464 3356 bic]

327 3369 391 3425 isL
460 3369 553 3425 saluus
570 3369 625 3424 crit
642 3367 714 3424 Mb
783 3367 852 3423 (licit
868 3368 993 3424 dominus
1011 3384 1061 3425 osa
1076 3368 1115 3440 Q,-
1129 3376 1194 3440 post
1211 3371 1279 3425 baec
1295 3370 1368 3436 salso
1385 3386 1466 3440 repe·

327 3455 414 3511 tom
433 3455 548 3511 emes
565 3438 837 3511 eunt...uet‹ffi
881 3453 926 3526 no]
944 3455 978 3510 ec
996 3455 1025 3541 ip
1041 3472 1059 3526 q
1077 3455 1121 3523 (eu
1137 3457 1176 3525 m)
1228 3456 1292 3510 eet
1309 3471 1359 3510 eu
1375 3455 1437 3512 nro

328 3543 362 3597 11
378 3541 567 3612 peruenerunt]
585 3543 793 3612 perseuerarnnt
810 3557 856 3611 οφ·
874 3543 1115 3612 pemeuarsuernnt
1125 3544 1153 3597 et
1164 3541 1392 3613 inexpugnabiles
1403 3543 1438 3598 N

328 3627 471 3682 uoluntate
483 3626 593 3697 LNTQ
671 3627 705 3681 12
721 3627 840 3697 nostrae]
858 3628 974 3683 nominis
987 3627 1031 3684 Lo
1104 3627 1135 3682 in
1152 3627 1270 3684 uinculis
1286 3629 1325 3684 To
1396 3629 1466 3685 ecci«

329 3712 373 3767 dit
382 3712 533 3784 ELNQT'
612 3714 642 3768 ct
659 3713 766 3783 coepAE
845 3713 878 3769 13
894 3715 1023 3769 terminos
1041 3713 1096 3785 ΘΤ
1169 3717 1338 3769 consummet
1352 3716 1383 3779 T,
1402 3729 1464 3770 con·

328 3802 418 3854 sumat
428 3800 466 3856 Μ
476 3800 672 3869 (consummata
684 3800 718 3870 Q)
793 3800 923 3869 martyris
934 3800 1046 3870 Elacqo,
1064 3800 1203 3871 martyriis
1217 3798 1248 3870 Q,
1261 3802 1393 3872 martyria
1408 3802 1434 3858 Τ

328 3886 362 3940 14
379 3888 407 3941 et
424 3900 474 3941 oua
487 3886 523 3942 N
586 3883 713 3940 excidunt
724 3885 792 3956 E¹Q
859 3885 973 3941 cuncus
989 3902 1016 3940 m
1034 3885 1172 3956 (mutate
1189 3888 1218 3956 q)
1288 3902 1466 3943 conmemora-

326 3971 410 4027 tionis
428 3988 459 4042 eq
528 3971 563 4027 16
580 3971 699 4027 tertuum
717 3974 781 4028 Mm
798 3972 939 4041 (tertnlm
959 3971 1009 4042 (lq)
1085 3972 1125 4043 ac]
1145 3974 1174 4026 et
1191 3972 1262 4029 Mb
1333 3974 1366 4028 11
1383 3975 1466 4045 inter]
1603 4017 1605 4019 .

344 4073 373 4114 ro
389 4057 468 4129 Voce,
487 4072 538 4113 ons
553 4059 581 4114 1'
647 4058 831 4130 cetera1certa
847 4058 873 4114 V
939 4056 1031 4129 quam]
1050 4073 1111 4114 cum
1124 4057 1265 4129 ELNQT
1344 4060 1377 4116 18
1396 4059 1467 4131 illio]

326 4143 384 4198 illis
400 4142 428 4199 1,
506 4143 540 4199 19
558 4143 600 4215 ac]
617 4144 668 4199 bac
688 4143 721 4215 Q'
789 4143 824 4200 20
841 4160 971 4201 carcarem
989 4143 1070 4215 Lon*
1140 4144 1175 4200 21
1193 4146 1352 4201 transeunte
1370 4146 1398 4202 L

326 4228 476 4285 celebretur
494 4229 578 4285 LNT
