3570 4936
641 330 824 400 Epistulae
841 331 984 386 LVIIII.
1003 351 1024 388 c.
1045 335 1156 390 13-1a
1266 367 1268 373 ,
1398 336 1462 404 683

375 484 496 566 Quibus
510 485 607 553 etiam
622 486 700 553 satis
714 503 776 552 non
790 484 853 551 fnit
867 485 906 551 ab
922 488 1085 570 euangelio
1099 493 1270 573 recessisse,
1291 512 1379 578 spem
1392 494 1462 577 lap-
1474 492 1513 556 ll

306 637 311 645 .
332 591 376 656 sis
396 588 620 658 satisfactionis
640 593 673 657 et
694 589 902 674 paenitentiae
924 591 1100 669 sustulisse,
1123 593 1283 663 haudibus
1305 598 1462 664 inuolutos

331 696 383 761 uel
398 692 563 759 adulteriis
577 694 818 766 commaculatos
833 692 884 758 uel
899 692 1121 758 sacmficiorum
1142 694 1267 765 funesta
1281 702 1462 786 contagione

330 798 482 883 pollutos,
505 814 544 862 ne
558 798 661 864 Deum
681 799 840 884 rogarent,
863 814 902 861 ne
921 795 955 861 in
971 795 1101 861 ecclesia
1115 800 1340 886 exomologesin
1355 804 1462 870 crimi-

307 921 406 967 snnm
420 900 566 979 iacerent,
582 901 621 967 ab
636 902 721 968 omni
736 903 769 967 et
783 917 875 966 sensu
891 899 924 965 et
939 897 1044 992 fructu
1058 899 1267 979 paenitentiae
1282 907 1461 986 remouisse,

329 1004 408 1071 foris
423 1003 485 1069 sibi
500 1005 590 1072 extra
605 1007 768 1072 ecclesiam
783 1005 816 1071 et
827 1004 934 1069 eontra
944 1001 1108 1068 ecclesiam
1119 1003 1319 1070 constituisse
1329 1024 1463 1074 conuen-

330 1107 464 1174 ticulum
484 1107 624 1190 perditae
645 1109 799 1188 factionis,
822 1124 882 1192 quo
904 1106 986 1172 male
1007 1103 1069 1172 sibi
1090 1104 1283 1171 consciorum
1304 1110 1336 1173 et
1359 1111 1462 1177 Deum

330 1229 438 1296 rogare
453 1231 489 1278 ac
504 1215 684 1280 satisfacere
698 1212 873 1302 nolentium
889 1212 1015 1277 caterua
1030 1207 1212 1275 conflueret:
1235 1212 1308 1292 post
1328 1211 1390 1278 iata
1404 1214 1462 1278 ad-

330 1314 392 1379 huc
406 1315 532 1398 insuper
545 1317 802 1400 pseudoepiscopo
816 1314 878 1382 sibi
892 1314 932 1378 ab
947 1311 1113 1379 haereticis
1127 1311 1297 1377 constituto
1312 1314 1462 1400 nauigare

296 1416 447 1485 mandent
466 1422 499 1484 ct
517 1419 558 1486 ad
578 1419 667 1485 Petri
687 1419 866 1484 cathedram
888 1416 989 1498 adque
1009 1415 1049 1480 ad
1076 1414 1237 1480 ecclesiam
1259 1414 1463 1501 principalem

332 1520 414 1588 unde
428 1523 535 1588 unitas
549 1521 750 1588 aendoalis
764 1523 870 1586 exorta
884 1520 932 1583 est
941 1519 980 1583 ab
993 1516 1203 1584 schismaticis
1217 1518 1250 1583 et
1260 1516 1397 1601 profanis
1406 1520 1465 1584 lit-

330 1625 414 1690 teras
433 1624 514 1689 ferre
527 1642 583 1690 nec
598 1625 735 1708 cogitare
749 1640 801 1688 eos
816 1641 883 1688 esse
897 1622 1054 1687 Romanos
1076 1639 1208 1702 quornm
1227 1620 1304 1687 fides
1324 1623 1463 1704 apostolo

330 1727 530 1810 praedicante
550 1726 679 1792 laudata
693 1727 755 1805 est,
778 1727 817 1792 ad
839 1743 916 1808 qnos
937 1725 1068 1808 perfidia
1088 1724 1203 1790 habere
1223 1741 1283 1790 non
1298 1726 1462 1808 possitae

333 1847 464 1895 cessum.
487 1847 567 1911 quas
589 1831 695 1895 autem
716 1847 809 1895 causa
829 1828 974 1895 ueniendi
995 1829 1027 1895 ot
1047 1827 1343 1911 pseudoepiscopum
1357 1832 1463 1896 contra

297 1960 322 2002 a
332 1950 489 2015 episcopos
512 1931 632 1998 factum
646 1932 832 1998 nuntiandi?
854 1935 910 1998 aut
931 1933 1015 1998 enim
1031 1932 1134 2016 placet
1148 1932 1215 1997 illis
1229 1933 1310 2015 quod
1326 1931 1464 1999 iecerunt

331 2037 364 2100 et
379 2035 412 2100 in
427 2054 483 2101 suo
498 2036 613 2101 scelere
628 2038 841 2120 perseuerant:
863 2038 918 2101 aut
932 2036 960 2101 si
975 2036 1122 2118 displicet
1136 2036 1168 2100 et
1182 2036 1340 2114 recedunt,
1361 2037 1465 2102 sciunt

333 2157 394 2222 quo
418 2140 625 2205 reuertentur.
652 2159 726 2205 nam
751 2159 823 2204 cum
849 2142 1007 2205 statutum
1028 2140 1073 2205 sit
1097 2138 1137 2204 ab
1159 2138 1304 2205 omnihus
1323 2139 1412 2204 nobis
1431 2142 1465 2205 et

334 2260 468 2325 aequum
483 2242 527 2307 sit
541 2244 658 2327 pariter
672 2262 709 2309 ac
723 2244 843 2308 iustum
858 2245 894 2308 ut
909 2243 1151 2324 uniuscuiusque
1171 2259 1264 2307 eausa
1278 2241 1345 2306 illic
1356 2242 1464 2307 nodia
1546 2232 1551 2240 ’

333 2346 386 2409 tur
400 2345 455 2409 ubi
471 2347 519 2409 est
534 2347 651 2411 crimen
667 2347 854 2424 admissum,
881 2348 914 2410 ot
934 2345 1068 2429 singulis
1082 2344 1260 2427 pastoribus
1275 2345 1376 2427 portio
1390 2365 1462 2429 gre-

252 2458 253 2461 ’
296 2472 323 2515 a
335 2448 385 2531 gis
400 2448 443 2511 sit
458 2448 616 2531 adscripta
637 2467 730 2531 quam
746 2450 836 2533 regat
855 2448 1068 2530 unusquisque
1088 2449 1121 2512 et
1140 2446 1293 2530 gubernet
1313 2451 1463 2513 rationem

330 2549 380 2613 sui
395 2552 483 2613 aetus
498 2550 634 2616 Domino
648 2551 837 2630 redditurus,
854 2552 976 2633 oportet
997 2550 1106 2630 utique
1127 2566 1179 2614 eos
1201 2549 1314 2629 quibus
1335 2568 1462 2630 praesu·

327 2670 400 2716 mus
414 2668 475 2715 non
490 2651 733 2718 circumcursare
747 2670 804 2718 nec
815 2652 1029 2735 episcoporum
1042 2650 1237 2715 concordiam
1248 2651 1462 2718 cohaerentem

332 2772 390 2818 sua
404 2752 536 2818 subdola
550 2756 582 2819 et
598 2753 706 2820 fallaci
717 2754 896 2820 temeritate
908 2754 1073 2831 conlidsre,
1089 2753 1143 2817 sed
1155 2771 1247 2838 agere
1257 2753 1325 2818 illic
1337 2772 1463 2820 causam

334 2876 425 2923 suam
445 2855 501 2920 ubi
523 2859 556 2921 et
577 2858 770 2923 accusatores
790 2856 905 2922 habere
926 2858 959 2919 et
979 2857 1076 2921 testes
1097 2856 1146 2938 sui
1168 2856 1307 2921 oriminis
1327 2858 1461 2939 possint:

294 2991 320 3033 ,ὅ
330 2960 392 3025 nisi
408 2959 435 3025 si
450 2958 559 3042 paucis
575 2960 745 3043 desperatis
759 2962 792 3025 et
805 2958 936 3041 perditis
951 2959 1053 3024 minor
1068 2958 1193 3024 uidetur
1208 2977 1274 3025 esse
1289 2960 1461 3027 auctoritas

381 3148 461 3201 lnon
474 3145 581 3215 satisQ
650 3145 686 3199 ab
698 3144 848 3215 euangelio]
860 3161 878 3198 a
889 3139 955 3214 lege
963 3145 1099 3215 euangelii
1113 3145 1135 3201 0
1200 3145 1368 3201 leoninum
1382 3147 1431 3203 GR

328 3231 539 3301 exhomologisin
556 3230 588 3301 Q,
600 3232 803 3302 exomologesim
817 3232 846 3286 P
942 3230 1089 3286 dfructum
1102 3230 1145 3295 0¹,
1158 3231 1242 3285 fluctu
1255 3231 1283 3286 L
1381 3233 1465 3288 bnisi

328 3316 637 3372 ioris-constituissent
649 3317 687 3373 Oo
756 3321 784 3372 et
795 3333 818 3371 c.
830 3316 969 3370 ecclesiam
981 3316 1046 3371 add.
1061 3316 1087 3370 P
1098 3333 1133 3369 m.
1145 3319 1165 3370 2
1175 3318 1207 3370 in
1218 3332 1304 3386 marg.
1384 3318 1465 3387 'lqno

330 3403 388 3468 GR,
400 3419 460 3458 cum
472 3403 527 3458 ΕΡ
532 3402 600 3473 Quo
611 3404 686 3474 (qum
699 3404 745 3471 Μ)
807 3385 875 3457 (11ιῖ
885 3402 936 3458 GR
998 3404 1016 3458 8
1027 3401 1189 3458 nollentinm
1202 3402 1230 3457 P
1285 3403 1416 3458 confluere
1434 3404 1463 3469 V,

329 3491 482 3544 confrueret
493 3489 529 3542 M
546 3489 700 3559 (conflueret
716 3489 750 3561 Q)
886 3492 948 3559 post
965 3489 1029 3560 ista]
1047 3489 1135 3559 potito
1148 3487 1173 3544 C
1187 3491 1216 3542 to
1233 3504 1267 3544 ca
1283 3491 1314 3543 ta
1326 3505 1393 3543 corr.
1472 3497 1477 3505 ’

328 3577 351 3651 9Ι
358 3575 595 3647 pseudoepiscopos
607 3577 682 3648 ibiQ
794 3577 1043 3649 chlodoaldus
1058 3577 1092 3648 Q)
1195 3578 1357 3632 constitutos
1369 3578 1431 3649 0¹0

329 3661 365 3716 10
375 3661 401 3716 ei
414 3663 451 3719 M
460 3663 500 3729 (et
516 3661 550 3732 Q)
637 3663 724 3733 adque
736 3664 780 3736 ad]
792 3667 875 3734 atquo
887 3664 939 3720 CR
1026 3665 1057 3718 11
1070 3665 1172 3733 unitas]
1184 3664 1301 3734 gloriosa
1313 3663 1342 3720 B
1391 3693 1393 3697 ·
1420 3667 1463 3737 ab]

329 3745 436 3835 affe,
458 3747 492 3802 ad
505 3747 529 3804 0
666 3749 699 3803 12
713 3765 761 3804 nec
780 3751 902 3821 agitant
920 3765 954 3805 cx
972 3751 1124 3821 neoegitare
1141 3751 1165 3807 0
1302 3751 1335 3806 14
1347 3752 1461 3821 psendo-

330 3832 477 3903 epome
547 3837 642 3889 eontra
653 3819 713 3904 ep“o‘
713 3836 748 3899 P,
760 3851 810 3890 orn.
824 3836 905 3893 GRV
973 3838 1007 3891 16
1019 3836 1166 3905 displicent
1179 3836 1206 3892 R
1276 3836 1309 3890 17
1322 3837 1431 3908 qnodG

330 3919 364 3972 18
376 3934 468 3974 aecum
477 3918 554 3990 loo,
568 3937 629 3976 cum
638 3922 672 3987 P,
685 3909 786 3990 aqio
879 3938 910 3977 ac
922 3939 957 3977 ex
968 3922 1039 3978 atO
1135 3923 1169 3977 19
1180 3923 1273 3992 gregis
1284 3923 1323 3978 sit
1334 3912 1464 3995 eagissit

329 4020 400 4060 corr.
413 4005 448 4069 L,
462 4007 562 4075 gressit
579 4007 604 4064 0
687 3995 722 4063 2'0
732 4009 881 4078 gubernate
897 4008 921 4065 Ο
1005 4008 1111 4062 ratione
1123 4007 1159 4072 R,
1173 4034 1212 4062 m
1225 4011 1359 4064 rationem
1374 4011 1404 4082 Q,
1416 4028 1465 4067 nec

329 4091 462 4146 rationem
475 4092 512 4146 Μ
606 4092 641 4149 21
653 4094 804 4149 reddituros
816 4094 851 4160 R,
864 4094 1018 4149 redditurus
1030 4095 1070 4147 sit
1082 4093 1106 4150 0
1115 4094 1164 4150 scd
1176 4095 1215 4149 sit
1226 4111 1247 4149 a.
1260 4096 1277 4150 l.
1371 4099 1465 4168 utique

329 4202 433 4345 m'cpc’
442 4203 535 4272 itaque
552 4204 603 4262 oa
695 4206 839 4278 acrore]
852 4206 980 4271 etnam,
993 4232 1018 4260 ..
1031 4169 1100 4276 lto
1190 4208 1321 4264 amc
1404 4225 1464 4280 pos-

330 4303 379 4343 ml
