3570 4936
658 367 1077 462 EpistuIeVIil-V1111.'
1238 396 1241 404 ·
1359 395 1425 463 489

292 574 311 622 a
332 551 422 617 uobis
439 551 567 644 ⁸litteras
589 548 631 615 ad
651 568 702 614 me
722 549 836 616 missas
857 568 913 633 per
933 548 1145 619 crementium
1166 552 1424 646 hypodiaconum,

292 657 402 742 quibus
421 654 602 738 planissime
623 653 662 718 de
676 653 809 737 glorioso
831 654 898 719 eius
920 654 1005 721 exitu
1027 656 1206 742 instruerer,
1231 660 1263 724 et
1285 654 1425 723 exultaui

291 759 368 826 satis
394 756 476 840 quod
497 774 558 839 ,pro
590 756 771 841 integritate
796 757 1077 825 administrationis
1103 759 1169 827 eihs
1199 759 1425 827 consummatio

292 877 412 947 quoque
431 861 560 928 honesta
574 863 765 946 processerit.
803 862 838 927 in
852 879 912 947 quo
927 862 1016 929 uobis
1031 883 1151 947 quoque
1165 865 1339 947 plurimum
1354 882 1426 951 gra·

271 965 377 1030 stulor
391 962 473 1047 quod
488 966 555 1032 ehrs
566 965 749 1033 memoriam
764 968 832 1033 tam
847 967 960 1034 celebri
976 969 1009 1034 et
1021 969 1148 1036 inlustri
1162 969 1340 1036 testimonio
1355 985 1428 1053 pro-

294 1069 476 1151 sequamini,
492 1071 530 1136 ut
543 1088 665 1154 paruos
679 1071 883 1139 innotesceret
902 1072 992 1139 nobis
1006 1074 1088 1157 quod
1103 1077 1135 1140 et
1149 1074 1239 1139 uobis
1253 1072 1334 1140 esset
1346 1074 1428 1139 circa

292 1172 460 1253 praepositi
474 1175 659 1242 memoriam
681 1176 850 1260 gloriosum
865 1178 898 1242 et
911 1178 1000 1243 nobis
1022 1195 1142 1262 quoque
1157 1177 1230 1244 fidei
1245 1196 1281 1243 ac
1296 1175 1426 1242 uirtutis

291 1273 451 1357 praeberet
480 1279 666 1364 exemplum.
703 1299 778 1346 nam
808 1282 962 1364 quantum
983 1281 1155 1363 perniciosa
1175 1300 1225 1354 ras
1246 1280 1295 1345 est
1315 1280 1355 1343 ad
1378 1296 1428 1343 se-

292 1379 453 1461 quentium
467 1382 593 1465 lapsum
607 1383 697 1448 ruina
718 1386 897 1469 praepositi,
920 1386 954 1450 in
968 1386 1093 1452 tantum
1111 1386 1217 1469 contra
1231 1384 1311 1449 utile
1326 1385 1375 1448 est
1396 1381 1429 1447 et

258 1508 284 1548 ro
294 1483 432 1558 salutare¹
444 1505 516 1552 cum
531 1505 565 1552 se
579 1485 739 1568 episcopus
754 1506 809 1571 per
822 1473 1056 1554 firmamentum
1076 1488 1150 1554 fidei
1164 1486 1316 1554 fratribus
1338 1503 1429 1568 prae·

295 1587 351 1653 bet
363 1587 562 1654 imitandum.

333 1690 412 1774 Legi
432 1692 530 1758 etiam
550 1693 684 1770 litteras,
706 1693 739 1759 in
754 1693 867 1777 quibus
881 1705 937 1758 nec
951 1695 1004 1776 qui
1027 1693 1207 1778 scripserint
1227 1709 1284 1758 nec
1297 1691 1337 1756 ad
1353 1692 1459 1774 quest

295 1791 448 1876 scriptum
477 1796 520 1860 sit
549 1794 760 1881 significanter
789 1815 967 1879 expressum
998 1799 1055 1863 est.
1101 1799 1133 1886 et
1155 1796 1301 1880 quoniam
1323 1812 1375 1859 me
1396 1792 1431 1857 in

297 1893 398 1961 isdem
423 1896 539 1963 litteris
555 1898 586 1962 et
601 1897 756 1979 scriptura
771 1899 802 1963 et
816 1916 924 1963 sensus
939 1899 971 1963 et
985 1897 1109 1965 chartae
1123 1898 1208 1981 ipsae
1229 1914 1349 1981 quoque
1364 1911 1431 1960 mo·

262 2000 408 2064 ruerunt
422 2018 460 2065 ne
475 2001 551 2083 quid
566 2020 603 2066 er
618 2019 690 2067 uero
705 2002 756 2067 uel
778 2000 974 2068 subtractum
996 2001 1040 2067 sit
1060 2001 1113 2067 uel
1133 2001 1337 2078 inmutatum,
1360 2016 1431 2063 ean·

295 2101 367 2168 dem
388 2104 429 2169 ad
450 2122 506 2169 uos
528 2105 694 2188 epistolam
715 2107 925 2174 authenticam
946 2105 1064 2186 remisi,
1086 2107 1124 2171 ut
1144 2102 1371 2191 recognoscatis
1391 2119 1432 2166 au

294 2206 364 2288 ipsa
384 2205 427 2271 sit
442 2226 538 2290 quam
553 2206 728 2276 Oromentio
743 2209 953 2295 hypodiacono
967 2209 1181 2292 perferendam
1197 2207 1336 2272 dedistis.
1360 2223 1431 2291 per-

296 2299 389 2392 quam
412 2311 529 2377 etenim
551 2331 646 2398 maus
668 2314 732 2393 eet,
755 2315 783 2379 si
805 2315 958 2402 epistulae
979 2313 1109 2379 clericae
1130 2311 1247 2377 ueritas
1268 2305 1431 2372 mendacio

298 2412 403 2496 aliquo
424 2415 456 2479 at
471 2414 581 2480 frauda
602 2416 747 2498 corrupta
769 2417 825 2482 est.
863 2417 921 2481 hoc
935 2416 1036 2498 igitur
1056 2415 1093 2479 ut
1114 2413 1193 2478 scire
1211 2410 1376 2493 possimus,
1399 2407 1432 2473 et

258 2536 285 2578 so
297 2517 484 2600 scripturam
499 2518 531 2581 et
544 2517 804 2603 subscriptionem
825 2537 865 2584 an
879 2519 984 2583 uestra
997 2515 1042 2581 sit
1056 2515 1263 2599 recognoscite
1285 2511 1316 2575 et
1341 2509 1431 2576 nobis

295 2617 371 2701 quid
391 2618 490 2684 sitin
511 2636 584 2684 uero
605 2620 775 2686 rescribite.
812 2621 885 2702 opto
899 2637 965 2696 uos,
988 2617 1100 2684 iratres
1122 2614 1287 2696 carissimi,
1309 2631 1432 2698 eemper
1477 2673 1482 2682 .

298 2719 376 2786 bene
390 2722 504 2788 ualere.

292 2933 295 2937 ⁷
347 2943 362 2998 1
381 2958 397 2997 s
415 2943 493 2998 uobis
520 2945 610 3014 accepi
629 2964 651 2997 o
722 2944 894 2999 erimantium
917 2942 1015 2997 Erato
1094 2940 1112 2996 2
1134 2940 1282 2994 instrueret
1299 2939 1364 3002 Μ’,
1390 2937 1433 2992 in·

295 3031 423 3086 struerT
500 3030 634 3100 4quoque
648 3029 958 3099 uobisosed‘quoques.
972 3029 989 3083 1.
1002 3031 1073 3083 Μ
1159 3024 1319 3095 'lpropcsiti
1331 3025 1399 3079 T¹oe
1561 3028 1566 3044 “

295 3115 407 3170 anobis
426 3115 496 3171 E¹o
582 3115 600 3171 8
618 3119 720 3185 quanto
738 3137 761 3171 ω
847 3116 1016 3186 sequentiam
1037 3116 1073 3180 T,
1096 3110 1317 3183 consequentium
1340 3112 1367 3167 V

252 3204 255 3211 '
297 3199 531 3270 testet1etooc
585 3199 619 3253 12
630 3198 738 3253 litteras
751 3198 861 3263 sliasd',
880 3197 1068 3252 sliaslitteras
1077 3195 1198 3251 Efflou
1251 3196 1404 3267 nec]ueM

295 3284 441 3355 scripserit
452 3287 514 3356 quis
527 3285 586 3356 (qui
598 3286 633 3356 ω)
644 3285 727 3351 ΕΙω,
745 3286 793 3355 qui
804 3285 876 3356 (quie
888 3285 932 3353 Io)
944 3283 1083 3352 scripserit
1095 3283 1132 3338 Μ
1133 3283 1190 3339 TIo
1225 3283 1301 3354 quos]
1314 3299 1362 3338 uos
1375 3282 1402 3337 T

298 3370 332 3425 14
350 3371 455 3427 hisdem
468 3372 625 3436 ΕΙΜοΤω,
645 3370 743 3426 iisdem
755 3372 789 3427 Ic
857 3371 966 3426 carthae
977 3370 1034 3426 ET
1099 3370 1158 3440 ipse
1171 3369 1263 3426 ETM
1341 3370 1375 3425 15
1392 3369 1436 3441 nel

298 3459 386 3514 necT
429 3460 594 3513 sustraotum
607 3459 645 3514 T¹
701 3457 888 3528 uellucllitT
935 3458 1069 3511 mutatum
1083 3457 1109 3511 Τ
1159 3458 1192 3512 16
1205 3455 1405 3511 autenticamI

301 3542 342 3613 ut]
369 3544 401 3596 ut
426 3560 488 3598 cum
509 3545 535 3600 T
601 3543 830 3614 recognouiscatis
851 3544 876 3596 T
942 3543 976 3598 17
998 3542 1057 3613 ipse
1075 3542 1106 3598 E
1173 3541 1207 3598 18
1231 3557 1328 3612 muas
1350 3543 1377 3600 T

300 3627 334 3682 ra
352 3628 389 3699 a]
406 3629 452 3684 aar
472 3629 499 3684 V
559 3628 596 3684 ao
612 3615 856 3701 mataritanus
910 3633 1002 3685 naara
1018 3646 1099 3685 manu
1122 3630 1149 3685 r
1191 3628 1244 3683 aa
1261 3628 1352 3685 arara
1368 3628 1436 3685 aas

298 3713 387 3768 uslete
407 3716 443 3780 T,
467 3715 535 3771 bene
552 3715 644 3770 uslere
662 3715 753 3771 uslete
770 3716 809 3772 Μ
824 3747 858 3758 -
876 3716 1002 3788 Epistula
1020 3716 1148 3787 Cypriani
1164 3714 1339 3771 rescribentis
1357 3714 1435 3783 (scri-

297 3799 361 3856 bens
378 3801 454 3873 EM)
476 3801 576 3858 Romae
599 3802 669 3858 clero
685 3801 719 3857 de
734 3802 884 3858 redditione
906 3803 1023 3874 episcopi
1045 3800 1133 3858 urbici
1151 3786 1251 3871 (urbici
1268 3802 1303 3871 T)
1321 3798 1433 3871 explicit

295 3887 360 3943 ΕΜ
361 3888 392 3953 Τ,
409 3904 459 3944 osa
479 3889 528 3955 Ie,
547 3887 666 3960 Explicit
683 3888 716 3944 dc
732 3889 865 3947 redicione
882 3889 1000 3946 urbicini
1018 3888 1140 3961 episcopi
1153 3904 1177 3944 o.
1192 3918 1226 3929 —
