3570 4936
679 336 865 408 Epistulae
882 338 995 394 xxxi
1014 355 1036 396 a
1056 342 1131 397 1-a
1387 317 1468 408 ¹559

378 495 461 578 Quid
488 493 573 560 enim
600 493 766 578 gloriosius
794 493 909 576 quidue
939 495 1062 561 felicius
1088 497 1148 566 ulli
1169 497 1332 565 hominum
1353 491 1497 581 parite

255 670 261 685 ,
334 619 371 667 ex
385 599 493 667 diuina
513 598 695 683 dignatione
717 597 895 684 contingere
917 618 1011 682 quam
1034 599 1116 665 inter
1136 601 1220 685 ipsos
1242 602 1400 669 carnifices
1419 601 1469 667 in·

333 704 479 771 territum
501 700 640 768 confiteri
662 702 833 769 Dominum
855 702 968 781 Deum,
991 721 1086 786 quam
1107 701 1189 768 inter
1211 705 1379 773 saeuientis
1401 724 1469 773 sae-

335 807 448 874 cularis
472 805 639 888 potestatis
661 807 749 873 uaria
771 806 804 873 et
825 805 980 890 exquisita
1001 807 1158 873 tormenta
1179 807 1275 873 etiam
1296 810 1415 877 extorto
1438 811 1470 876 et

312 910 508 979 aexcmciato
536 911 569 977 et
597 912 810 979 excarnificato
844 927 970 996 corpore
999 907 1159 975 Christum
1188 908 1247 976 Dei
1275 910 1378 978 filium
1408 914 1468 981 etsi

332 1013 494 1080 recedente
514 1013 568 1080 sed
583 1015 690 1081 tamen
704 1015 803 1081 libero
818 1015 933 1100 spiritu
947 1013 1097 1094 confiteri,
1119 1031 1213 1098 quam
1228 1014 1336 1081 relicto
1352 1017 1468 1083 mundo

331 1117 454 1184 caelum
481 1117 607 1203 petisse,
636 1137 731 1203 quam
759 1118 890 1186 desertis
919 1118 1098 1186 hominibus
1120 1118 1203 1184 inter
1224 1117 1352 1203 angelos
1374 1121 1467 1200 stara,

331 1239 426 1305 quam
453 1221 675 1307 inpedimentis
703 1223 847 1290 omnibus
874 1223 1086 1290 saecularibus
1113 1221 1215 1306 ruptis
1242 1222 1275 1287 in
1303 1225 1467 1306 conspectu

330 1324 390 1391 Dei
417 1324 484 1391 iam
505 1343 537 1390 se
558 1325 695 1391 liberum
723 1327 843 1410 sistere,
872 1345 967 1411 quam
995 1328 1127 1394 caeleste
1154 1345 1285 1412 regnum
1313 1326 1380 1391 sine
1401 1326 1468 1391 ullu

296 1447 323 1488 ro
332 1428 527 1495 cunctatione
554 1429 697 1510 retinere,
725 1449 820 1513 quam
845 1431 1000 1517 collegam
1022 1431 1173 1514 passionis
1195 1449 1267 1495 cum
1288 1427 1413 1496 Ohnsto
1433 1430 1467 1495 in

332 1531 450 1599 Christi
477 1533 602 1600 nomine
623 1533 744 1599 factum
767 1533 873 1612 luisse,
903 1552 997 1616 quam
1020 1535 1133 1600 iudicis
1155 1534 1203 1600 sui
1225 1534 1335 1600 diuina
1356 1532 1467 1616 digna·

330 1635 415 1701 tione
442 1636 578 1701 iudicem
606 1636 726 1701 sactum
749 1635 855 1715 luisse,
884 1654 979 1720 quam
1001 1636 1225 1702 inmaculatam
1247 1635 1467 1702 conscientiam

331 1738 371 1803 de
391 1737 580 1805 confessione
601 1739 738 1817 nominis
759 1741 943 1822 reportasse,
970 1757 1064 1823 quam
1085 1739 1231 1805 humanis
1253 1740 1285 1805 et
1306 1737 1466 1824 sacrilegis

330 1839 455 1924 legibus
469 1843 578 1907 contra
591 1840 687 1908 fidem
702 1860 762 1907 non
778 1842 947 1922 oboedisse,
970 1861 1065 1926 quam
1076 1842 1243 1908 ueritatem
1254 1859 1329 1908 uoce
1340 1841 1467 1926 publica

296 1965 322 2006 ue
331 1945 542 2011 contestatum
572 1945 679 2025 inisse,
710 1965 804 2029 quam
832 1948 934 2031 ipsam
962 1965 1041 2030 quae
1068 1947 1107 2012 ab
1136 1945 1279 2012 omnibus
1306 1946 1467 2011 metuatur

328 2046 487 2114 moriendo
514 2051 649 2115 mortem
677 2050 847 2135 subegisse,
878 2070 974 2134 quam
993 2069 1049 2134 per
1070 2050 1170 2135 ipsam
1192 2049 1465 2131 morteminmor·

329 2151 489 2217 talitatam
517 2153 717 2219 consecutum
744 2154 850 2233 fuisse,
878 2173 973 2242 quam
1001 2154 1145 2220 omnibus
1172 2152 1321 2219 saeuitiae
1347 2152 1465 2216 instru-

330 2255 446 2322 mentis
480 2256 732 2323 excamificatum
763 2258 796 2323 et
824 2258 981 2323 extortum
1011 2257 1088 2340 ipsis
1118 2257 1280 2323 tormentis
1310 2256 1466 2321 tormenta

329 2375 499 2440 superasse,
530 2378 626 2442 quam
656 2360 801 2425 omnibus
831 2360 976 2425 dilaniati
1006 2361 1140 2443 corporis
1169 2359 1328 2424 doloribus
1356 2356 1465 2422 robore

295 2460 428 2525 soanimi
455 2461 646 2527 reluctatum
675 2460 782 2540 fuisse,
810 2482 905 2547 quam
934 2464 1116 2548 sanguinem
1147 2480 1240 2527 suum
1261 2459 1465 2544 profluentem

329 2580 390 2628 non
411 2564 577 2643 horruisse,
606 2583 700 2648 quam
728 2566 884 2649 supplicia
904 2585 961 2631 sua
981 2568 1053 2648 post
1073 2563 1168 2630 fidem
1189 2581 1295 2629 amare
1317 2560 1465 2643 coepisse,

330 2684 425 2748 quam
445 2666 670 2733 detrimentum
692 2668 778 2734 uitae
800 2687 874 2734 suae
895 2671 1006 2751 putare
1028 2668 1166 2734 uixisse?

372 2769 424 2835 Ad
438 2771 496 2837 hoc
511 2771 596 2836 enim
617 2771 772 2854 proelium
795 2772 885 2854 quasi
906 2771 1042 2856 quadam
1062 2771 1140 2837 tuba
1162 2769 1317 2855 euangelii
1339 2767 1390 2834 sui
1410 2766 1495 2833 noel

332 2872 446 2939 excitat
473 2873 627 2940 Dominus
658 2873 801 2940 dicendo:
836 2875 900 2958 qui
930 2874 1019 2958 plus
1050 2873 1190 2959 diligit
1218 2871 1371 2957 patrem
1399 2871 1469 2937 aut
1586 2940 1591 2948 ,

432 3061 468 3116 21
485 3059 586 3115 Matth.
606 3063 648 3126 10,
666 3061 708 3116 37.
727 3061 769 3117 38

383 3229 530 3303 lfelioius]
543 3231 653 3287 facilius
665 3232 732 3302 va
824 3234 925 3289 2inter
937 3248 989 3289 om.
1005 3235 1047 3303 Tp
1136 3234 1194 3303 ipso
1204 3230 1339 3286 carnificis
1355 3230 1398 3298 Τμ

331 3316 486 3372 interritum
504 3317 539 3386 F,
560 3318 703 3375 interitum
725 3340 751 3385 ν,
773 3320 887 3375 interitu
901 3321 951 3390 Pp,
973 3321 1002 3374 in
1023 3319 1104 3375 terris
1116 3319 1187 3391 qu,
1207 3318 1280 3373 inter
1300 3317 1371 3371 ictus
1392 3315 1466 3371 coni.

332 3401 488 3474 Dionysiae
500 3404 646 3471 Pctcatue,
664 3406 694 3460 iu
711 3406 770 3476 ipso
790 3406 934 3463 interitus
1032 3404 1183 3460 saeuientes
1194 3404 1251 3473 Fp,
1269 3402 1422 3457 accidentes
1437 3400 1466 3465 T,

331 3489 554 3562 audientiallpu
651 3492 801 3548 masalmas
822 3495 972 3565 potestates
987 3494 1039 3562 Τμ,
1060 3489 1197 3561 popularis
1218 3487 1364 3561 potestatis
1382 3507 1399 3541 v

330 3574 540 3645 dperuariaH
621 3577 752 3650 'extotop
851 3583 942 3635 stota
960 3578 1315 3646 Valentinianorum
1410 3575 1468 3630 det

333 3675 383 3716 oa
400 3662 428 3717 v
522 3665 575 3720 aas
592 3665 740 3735 reaemu]
758 3666 994 3721 caucaseae
1010 3665 1037 3720 V
1132 3646 1274 3736 esuque
1373 3661 1469 3715 uma

332 3761 382 3802 oea
393 3764 411 3820 p
462 3749 629 3823 selibemm]
642 3750 753 3807 calmem
770 3752 797 3807 V
863 3751 898 3807 10
909 3753 1077 3808 contactione
1088 3770 1108 3820 μ
1165 3753 1284 3805 mnaso
1342 3748 1469 3818 liquam

332 3833 430 3890 iudicis
499 3835 646 3894 tumeam
659 3838 723 3909 Hyp
787 3839 821 3895 14
831 3838 949 3910 legibus]
961 3838 1100 3909 regibusg
1162 3836 1197 3892 15
1208 3836 1305 3908 ipseT
1354 3833 1469 3889 homini·

332 3919 433 3992 busa·
531 3924 693 3996 metuiturq
792 3925 824 3980 17
842 3941 902 3980 oum
915 3925 1040 3980 omnibus
1052 3926 1113 3996 qu
1211 3922 1245 3977 19
1262 3921 1362 3977 laniati
1378 3922 1404 3974 Τ

331 4007 513 4065 mineatum
527 4011 569 4080 Τμ
640 4025 721 4080 quarn
733 4027 863 4082 caenare
875 4015 972 4067 vm
1050 4010 1085 4066 22
1097 4008 1260 4064 detrimenta
1272 4030 1289 4064 s
1359 4008 1469 4078 mxime]

331 4111 385 4152 non
396 4099 482 4153 emese
493 4115 518 4165 o,
529 4114 584 4154 non
595 4099 696 4154 uixisse
712 4100 814 4156 Vtcstc
825 4100 957 4172 Riocltio,
969 4099 1067 4154 uicisse
1083 4097 1177 4154 vtae.
1195 4097 1284 4155 ana
1375 4097 1410 4152 23
1421 4097 1467 4152 ed·

332 4182 385 4238 huc
397 4182 485 4239 FHT
559 4185 690 4255 quaedam
704 4186 736 4238 Η
809 4187 1017 4243 24cexcitatnoe
1033 4187 1059 4240 Τ
1128 4183 1220 4240 diceus
1232 4186 1267 4256 βυ
1336 4185 1471 4255 pluepoet

332 4273 475 4344 matrsmp
