3570 4936
671 341 851 413 apicellae
874 341 1019 398 xxxvi
1039 359 1060 398 c.
1079 343 1155 397 2-4.
1411 342 1476 409 575

342 503 449 568 culum
464 501 625 586 proprium
637 499 669 565 et
679 499 713 564 in
723 507 904 580 peruersum
919 498 1109 562 instruentes
1123 517 1179 579 pro
1194 498 1383 564 salutaribus
1395 496 1477 563 uile-

342 604 437 671 tionis
448 602 593 670 remediis
605 600 736 667 exitiosa
747 600 915 683 deposcant
923 598 990 664 illis
998 601 1179 683 properatae
1186 600 1476 667 communicationis

342 726 469 774 uenena.
488 723 587 788 neque
607 702 691 769 onim
711 701 867 768 credimus
888 700 956 766 sine
970 701 1124 767 instinctu
1139 703 1334 783 quorundam
1348 721 1476 771 ausuros

340 810 438 876 fuisse
458 797 565 875 omnes
584 809 651 873 tam
664 805 842 891 petulanter
855 804 918 870 sibi
932 804 998 870 iam
1012 823 1124 889 pacem
1138 805 1306 894 uindicare.
1330 809 1476 875 nouimus

319 911 595 1000 ecarthaginensis
615 910 763 978 ecclesiae
777 909 881 988 fidem,
905 901 1052 974 nouimus
1067 908 1308 993 institutionem,
1331 906 1476 980 nouimus

339 1015 562 1083 humilitatem.
589 1015 672 1082 unde
693 1014 789 1081 etiam
808 1012 916 1080 mirati
937 1031 1046 1079 sumus
1061 1013 1142 1096 quod
1158 1014 1310 1096 quaeuam
1323 1016 1406 1084 inter
1419 1043 1476 1086 coo

275 1110 280 1119 ’
339 1139 396 1205 per
416 1115 580 1204 epistolam
602 1119 718 1185 iniecta
739 1117 848 1183 durius
868 1118 1059 1195 notaremus,
1084 1135 1156 1184 cum
1178 1135 1315 1184 amorem
1335 1120 1477 1186 uestrum

340 1223 488 1289 mutuum
504 1224 536 1291 et
549 1223 714 1290 caritatem
736 1221 886 1305 exemplis
911 1221 1023 1288 multis
1046 1220 1220 1306 reciprocae
1241 1221 1423 1288 adfectionis
1443 1225 1477 1290 in

341 1345 399 1394 nos
424 1327 566 1394 inuicem
592 1345 682 1410 saepe
704 1314 960 1409 conperissemus.
986 1327 1111 1409 tempus
1133 1327 1181 1407 eat
1201 1326 1301 1412 igitur
1321 1326 1358 1391 ut
1380 1329 1478 1413 agant

310 1455 337 1496 ro
345 1430 452 1497 delicti
465 1431 700 1513 paenitentiam,
715 1431 752 1495 ut
766 1428 899 1513 probent
912 1430 1021 1511 lapsus
1037 1429 1087 1494 sui
1102 1429 1250 1511 dolorem,
1265 1433 1302 1497 ut
1313 1431 1478 1498 ostendant

335 1536 566 1614 uerecundiam,
579 1536 616 1601 ut
625 1534 800 1600 monstrent
811 1531 1037 1612 humilitatem,
1049 1533 1087 1598 ut
1099 1533 1264 1600 exhibeant
1273 1535 1464 1602 modestiam

333 1641 371 1704 ut
391 1640 429 1706 (le
448 1638 656 1705 submissione
675 1637 843 1719 prououent
863 1635 897 1701 in
911 1654 945 1702 se
959 1635 1019 1702 Dei
1040 1636 1240 1702 clementiam
1254 1640 1287 1703 et
1301 1638 1339 1705 ‹le
1353 1639 1466 1707 honore

331 1743 436 1810 debito
457 1744 491 1807 in
505 1741 565 1808 Dei
586 1739 777 1808 sacerdotem
801 1739 929 1822 eliciant
949 1741 983 1804 in
999 1757 1031 1804 se
1046 1739 1188 1804 diuinam
1209 1741 1464 1824 misericordiam,
1591 1763 1597 1773 ·

331 1846 454 1929 quando
478 1844 623 1911 meliores
648 1844 788 1927 ipsorum
814 1843 940 1910 litterae
964 1842 1109 1922 fuissent,
1136 1843 1163 1908 si
1183 1861 1240 1926 pro
1262 1843 1341 1927 ipsis
1362 1864 1467 1929 preces

293 1973 320 2014 ιι
330 1949 484 2015 stantium
503 1947 684 2016 hnmilitate
703 1948 842 2031 ipsorum
863 1946 989 2013 adiutae
1010 1945 1153 2026 inissent,
1175 1947 1323 2029 quoniam
1346 1951 1378 2014 et
1393 1948 1473 2015 ieci·

328 2051 391 2118 lius
406 2052 584 2137 impetratur
599 2045 681 2134 quod
694 2050 824 2134 petitur,
839 2050 962 2133 quando
977 2049 1072 2132 ispro
1088 2067 1148 2133 qno
1162 2049 1282 2133 petitur
1297 2051 1472 2138 contignus

329 2157 377 2222 est
391 2158 429 2222 ut
443 2155 526 2241 quod
540 2155 661 2239 petitur
675 2153 858 2237 inpetretur.

372 2257 462 2340 Quod
488 2262 594 2326 autem
621 2259 758 2343 pertinet
782 2259 822 2325 ad
846 2258 1014 2325 Priuatum
1038 2257 1306 2336 Lambesitanum,
1331 2279 1387 2343 pro
1413 2261 1498 2327 tuci

329 2382 415 2429 more
425 2363 539 2444 iecisti,
555 2363 687 2448 quirem
698 2364 788 2430 nobis
802 2364 966 2447 tamquam
981 2361 1152 2433 sollicitam
1167 2362 1311 2427 nuntiare
1326 2362 1466 2429 uoluisti.

294 2484 437 2532 soomnes
462 2468 547 2533 enim
574 2461 629 2533 nos
655 2468 744 2534 decet
769 2484 824 2549 pro
847 2484 974 2550 corpore
998 2465 1096 2529 totius
1121 2465 1278 2542 ecclesiae,
1305 2465 1394 2531 cuins
1415 2485 1471 2549 per

332 2570 436 2635 uarias
459 2589 598 2653 quasque
618 2569 795 2653 prouincias
816 2570 959 2635 membra
981 2568 1104 2652 digesta
1119 2569 1201 2646 sunt,
1228 2567 1387 2634 excubare.
1414 2570 1469 2635 sed
1512 2628 1515 2635 .

331 2690 389 2739 nos
400 2671 496 2738 etiam
509 2675 582 2738 ante
592 2672 716 2739 litteras
727 2675 800 2739 tuas
811 2673 897 2738 fraus
908 2670 1017 2738 callidi
1026 2671 1163 2737 hominis
1174 2670 1271 2738 latare
1282 2689 1344 2738 non
1354 2672 1467 2755 potuit.

331 2793 406 2842 nam
431 2795 504 2842 cum
530 2775 662 2842 antehac
683 2775 811 2859 quidam
825 2793 862 2841 ex
883 2775 982 2859 ipsius
1005 2773 1164 2858 nequitiae
1187 2775 1310 2841 cohorte
1333 2776 1470 2843 uenisset

329 2878 512 2947 uexillarius
526 2878 648 2945 Priuati
662 2879 802 2946 Futurus
823 2897 860 2945 ac
880 2878 1095 2945 fraudulenter
1114 2878 1240 2944 litteras
1259 2897 1278 2944 a
1297 2879 1387 2944 nobis
1406 2879 1465 2946 eli·

294 3007 321 3050 u
332 2999 400 3048 cere
414 2986 549 3062 curaret,
563 3002 620 3049 nec
630 2983 700 3065 quis
712 2984 793 3048 esset
804 2983 900 3049 latuit
911 3001 968 3050 nec
979 2982 1104 3054 litteras
1115 3000 1192 3065 quas
1203 2982 1329 3048 uolebat
1339 2982 1469 3067 accepit.

330 3085 474 3168 optamus
491 3088 523 3151 te
537 3105 659 3170 semper
672 3085 750 3152 bene
763 3085 876 3152 ualere.

381 3322 598 3382 ldilationumo
664 3326 749 3381 oum
761 3341 840 3383 occo
908 3326 1168 3396 5karthnginicusis
1180 3325 1327 3394 Unici.)
1391 3324 1468 3381 noui-

331 3423 392 3462 mus
410 3407 621 3478 inst1nominis
638 3411 874 3482 institutionemp
967 3412 986 3468 6
1003 3412 1119 3481 quodam
1132 3429 1180 3477 uro
1266 3413 1404 3467 internos
1422 3428 1469 3484 por

329 3495 912 3569 mipei‚inter·per1',intorpretopw,in
931 3504 960 3555 to
978 3515 1054 3570 perc
1135 3498 1353 3567 liniectamuw
1420 3515 1468 3554 no-

331 3582 418 3636 strum
436 3598 484 3654 φω
553 3585 587 3639 11
598 3586 631 3639 ut
641 3583 688 3654 m]
700 3587 730 3639 ct
740 3588 891 3641 monstrent
907 3603 934 3642 uc
1002 3586 1037 3641 13
1049 3582 1186 3640 sacerdote
1202 3585 1229 3639 V
1295 3586 1330 3641 14
1340 3584 1466 3655 quando}

329 3665 466 3734 Qumtoo
534 3669 656 3741 tuisaep
724 3672 936 3728 si...iuiseent
953 3687 1066 3743 ompro
1135 3685 1183 3739 pro
1201 3673 1294 3726 oriar
1360 3671 1394 3725 15
1411 3674 1467 3726 ata·

328 3753 440 3808 tiumT
489 3755 614 3811 inisset*
665 3757 905 3828 16inpetretan
951 3759 1034 3813 hiero
1087 3756 1270 3827 condignisl'
1320 3757 1466 3827 lssautom]

329 3841 412 3911 antu
473 3842 667 3914 pertinentem
730 3844 879 3914 primatum
891 3845 936 3910 φ’,
949 3845 1097 3914 primamoo
1166 3843 1434 3915 lambesitanumoro

330 3925 365 3981 19
382 3926 465 3997 more]
484 3943 572 3983 amore
589 3946 638 3999 φιο
705 3929 741 3984 20
757 3928 876 3986 docotl'
942 3930 978 3985 22
995 3930 1139 3999 calidiore
1206 3929 1242 3984 23
1259 3945 1322 3984 nam
1340 3945 1389 3985 ocu
1408 3947 1433 3984 oo

329 4012 468 4068 uenissent
485 4030 510 4068 ro
578 4015 613 4070 24
630 4016 759 4085 priuatim
777 4034 826 4088 uno
895 4017 1005 4072 iuturus
1028 4016 1059 4080 V,
1077 4015 1183 4070 tuturos
1198 4016 1229 4081 Τ,
1247 4018 1277 4069 et
1293 4015 1368 4071 furto
1385 4032 1433 4088 φιο
1473 4041 1477 4048 ·

329 4097 370 4168 ω]
383 4101 412 4153 ct
425 4099 465 4156 Vc
522 4100 745 4158 fraudolenterT
799 4103 900 4172 eligere
912 4104 939 4159 T
998 4103 1137 4159 tecurare
1153 4101 1180 4156 Y
1236 4101 1407 4174 ttioptamus

328 4184 419 4240 uslere
435 4202 486 4242 oua
507 4187 555 4258 Τφ
640 4187 753 4257 sempor]
773 4188 801 4242 in
819 4189 927 4249 domino
944 4206 968 4245 c.
987 4219 1022 4230 —
1038 4188 1222 4244 Rescribontis
1244 4176 1316 4260 prbr*
1327 4192 1357 4244 et
1373 4174 1468 4244 diacoi

328 4269 428 4326 Romae
445 4272 654 4328 comittentibue
671 4273 799 4344 cipriano
815 4276 911 4346 papati
927 4277 1040 4348 explicit
1060 4278 1092 4341 T,
1110 4292 1161 4332 osu
1180 4293 1235 4349 uro.
1255 4307 1289 4318 -
