3570 4936
749 291 897 346 Caecilii
920 290 1084 361 Cypriani

592 547 954 660 EPISTVLA
991 547 1250 659 LXVIII.

616 750 817 806 GYPBIANVS
835 751 1024 807 STEPHANO
1041 748 1176 804 FRATRI
1194 749 1221 804 S.

328 931 340 992 l
399 922 567 988 Faustinus
582 923 701 1007 collega
714 925 818 989 noster
832 921 978 1005 Lugduni
998 921 1177 1000 consistens,
1201 921 1297 989 frater
1311 925 1480 1003 carissima,

355 1027 452 1092 semel
467 1024 566 1107 adque
579 1026 694 1090 iterum
711 1025 790 1090 mihi
805 1023 930 1105 scripsit
944 1023 1123 1108 significans
1138 1042 1174 1088 aa
1188 1044 1265 1107 quae
1280 1028 1376 1093 etiam
1391 1026 1480 1093 uobis

355 1129 419 1194 scio
434 1127 541 1208 utiquc
555 1128 698 1191 nuntiata
712 1128 778 1191 tarn
792 1126 832 1189 ab
847 1142 882 1189 eo
898 1144 993 1207 quam
1008 1144 1026 1189 a
1041 1127 1151 1191 ceteris
1162 1129 1348 1212 coepiscopis
1360 1131 1496 1196 nostrisa

353 1232 387 1296 in
409 1229 514 1295 cadem
537 1229 695 1311 prouincia
715 1227 904 1304 constitutis,
932 1228 1014 1309 qued
1034 1229 1210 1294 Marciam
1232 1231 1357 1298 Arelate
1378 1232 1481 1297 consi·

357 1337 443 1399 stans
457 1330 630 1396 Nouatiano
650 1348 683 1396 se
697 1331 888 1395 coniunxerit
902 1332 969 1395 ota
990 1331 1160 1397 catholicae
1180 1332 1324 1398 ecclesiae
1346 1335 1480 1398 ueritate

355 1435 456 1518 adque
470 1453 489 1498 a
504 1432 638 1515 corporis
659 1433 758 1499 nostri
772 1435 804 1499 et
825 1433 989 1499 sacerdotii
1011 1435 1206 1500 consensione
1227 1433 1411 1512 dmmsserit,
1431 1437 1481 1500 to-

354 1557 430 1602 nene
448 1536 619 1601 haereticae
630 1537 890 1619 praesumptionis
902 1537 1104 1603 dumssimam
1115 1538 1315 1621 prauitatem,
1331 1539 1367 1602 ut
1382 1539 1481 1603 seruis

356 1640 416 1704 Dei
431 1639 658 1719 paenitentibus
670 1644 702 1704 et
715 1638 890 1705 dolentibus
902 1641 934 1706 et
945 1640 986 1704 ad
997 1641 1161 1706 ecclesiam
1172 1640 1308 1707 lacrimis
1318 1641 1515 1724 etgemituro·

355 1743 388 1805 et
404 1741 508 1807 dolore
521 1733 718 1821 pulsantibus
732 1743 857 1808 diuinae
871 1743 999 1824 pietatis
1011 1745 1044 1807 et
1056 1744 1196 1809 lenitatis
1206 1746 1352 1826 patemao
1364 1744 1480 1809 salama

353 1847 386 1910 et
400 1842 539 1908 subsidia
559 1844 723 1910 eludantur
748 1863 803 1909 nec
818 1845 858 1919 ad
873 1845 1005 1910 fouenda
1025 1847 1154 1911 uulnera
1173 1847 1381 1912 admittantur
1402 1847 1476 1912 uul-

225 1969 230 1977 ·
352 1947 464 2023 aerati,
486 1945 540 2009 sed
554 1945 619 2009 sine
633 1964 687 2027 spe
701 1948 785 2028 pacis
802 1950 835 2010 et
850 1948 1139 2012 communicationis
1153 1949 1257 2014 relicti
1272 1949 1311 2014 ad
1332 1950 1478 2030 lupomm

353 2050 493 2132 rapinam
509 2052 541 2114 et
555 2048 700 2131 praedam
715 2049 831 2114 diaboli
846 2050 1046 2132 proiciantur.
1063 2051 1114 2114 cui
1128 2052 1173 2115 rei
1188 2052 1327 2115 nostrum
1343 2053 1392 2115 cst
1404 2069 1478 2117 con·

352 2154 455 2218 sulere
479 2154 510 2218 ct
535 2153 707 2230 subuenire,
735 2152 830 2218 frater
850 2153 1020 2229 carissime,
1043 2154 1097 2235 qui
1117 2154 1258 2218 diuinam
1278 2155 1509 2219 clementiamn

352 2256 524 2339 cogitantes
539 2256 571 2319 et
585 2255 801 2338 gubernandae
816 2255 962 2320 ecclesiae
977 2254 1090 2320 libram
1106 2256 1246 2320 tenentes
1261 2257 1306 2319 sic
1317 2273 1479 2320 censuram

354 2358 472 2442 uigoris
500 2358 712 2439 peccatoribus
738 2359 926 2434 exhibemus,
953 2360 1121 2422 attamen
1148 2357 1245 2440 lapsis
1272 2355 1427 2441 erigendis
1448 2359 1481 2422 et

354 2461 499 2526 curandis
514 2461 686 2526 uulneratis
700 2461 850 2526 bonitatis
866 2463 898 2525 ct
912 2460 1141 2525 misericordiae
1155 2461 1279 2525 diuinae
1291 2460 1478 2525 medicinam

353 2582 413 2628 non
428 2564 623 2647 denegemus.

324 2672 344 2734 2
396 2666 588 2747 Quapropter
613 2665 712 2732 facere
739 2668 771 2730 te
797 2668 918 2748 oportet
943 2666 1139 2746 plenissimas
1165 2664 1288 2731 iltteras
1314 2666 1353 2730 ad
1378 2667 1513 2748 coepi-ao

354 2786 461 2852 scopos
482 2771 601 2834 nostros
620 2771 651 2834 in
668 2767 771 2835 Gallia
792 2769 987 2846 constitutos,
1008 2768 1145 2833 neultra
1158 2768 1350 2833 Marcianum
1375 2769 1479 2850 perui·

404 3007 492 3075 Epist.
504 3005 630 3060 LXVIII.
649 3037 679 3045 -
698 3006 800 3076 Incipit
817 3007 850 3060 ad
863 3005 1030 3075 Stephanum
1047 3005 1080 3060 da
1091 3005 1229 3060 Marciano
1244 3005 1391 3059 meletense
1402 3004 1480 3072 (cdd.

354 3092 416 3147 CZ:
429 3093 476 3160 qui
488 3092 545 3159 (qui
557 3101 585 3145 et
598 3091 630 3159 C)
642 3091 790 3146 haereticos
808 3092 909 3161 recepit
922 3091 1033 3160 (recepit
1049 3090 1166 3144 feliciter
1185 3091 1218 3158 0)
1234 3089 1330 3160 GZa'op.
1347 3119 1376 3130 -
1389 3089 1407 3144 3
1418 3090 1480 3158 lug·

353 3177 424 3232 dunc
441 3178 507 3248 Ooa'p
623 3178 708 3231 frater
719 3179 856 3232 menime
868 3192 918 3231 om.
937 3176 963 3228 V
1080 3178 1098 3230 4
1109 3176 1186 3230 uobis
1197 3176 1280 3230 etiem
1293 3191 1316 3240 o,
1329 3173 1406 3229 uobis
1423 3176 1448 3229 V

352 3263 474 3318 tieadem
486 3265 576 3335 οηωῗρ
696 3263 812 3316 arelatae
825 3262 1003 3326 c‚arelatoZ
1125 3261 1190 3331 lac]
1204 3277 1302 3315 mccc
1418 3277 1479 3316 con·

353 3349 479 3419 iunxerit]
492 3348 691 3402 communicarit
704 3348 730 3401 Z
864 3347 990 3416 nentate]
1004 3348 1110 3401 unitate
1123 3348 1164 3402 Zc
1300 3346 1365 3417 eet]
1378 3349 1410 3399 ut
1422 3346 1449 3399 Z

352 3434 538 3491 sacerdotisG
645 3434 873 3490 -conicssioncG
1008 3433 1149 3488 dicesserit
1160 3434 1192 3497 Z,
1206 3450 1256 3487 cm.
1273 3434 1296 3488 0
1302 3434 1359 3504 ’σι’ρ,
1376 3432 1479 3487 disiun-

353 3522 424 3574 ncrit
440 3521 474 3575 θ’
488 3523 519 3575 ln
531 3538 616 3592 moro.
754 3520 957 3590 apricitatem]
970 3520 1032 3576 add.
1049 3522 1107 3591 top:
1121 3537 1149 3574 se
1161 3518 1285 3573 diuiserit
1297 3536 1355 3574 cum
1368 3518 1403 3573 ab
1415 3534 1445 3573 cc

353 3606 395 3676 ut]
408 3612 437 3661 et
452 3607 475 3662 G
559 3610 591 3660 ut
605 3647 645 3660 ...
658 3606 857 3676 paenitentibus
870 3610 897 3659 et
910 3623 959 3660 om.
973 3609 1016 3677 ιὀρ
1111 3606 1147 3660 10
1158 3605 1365 3675 paenitentibus]
1378 3604 1480 3659 iacien-

352 3694 426 3746 tibus
439 3693 542 3762 capo
658 3692 980 3762 ctd.]ccdolentibus0
1099 3691 1319 3761 ctadlaccaad
1335 3690 1447 3754 cccv

353 3779 388 3834 12
401 3778 560 3833 claudantur
573 3778 642 3832 Zc²c
760 3777 883 3847 fouenda]
898 3781 925 3830 et
937 3777 1053 3832 curanda
1065 3778 1129 3832 add.
1144 3778 1171 3831 Z
1288 3777 1322 3831 13
1333 3776 1479 3832 communi·

352 3865 459 3919 catione
470 3868 565 3919 nostra
576 3865 603 3918 Z
731 3866 764 3918 14
776 3864 913 3934 praedam]
925 3864 1048 3933 rapinam
1062 3863 1088 3917 Z
1216 3863 1269 3933 aui]
1282 3863 1352 3931 quod
1363 3863 1408 3916 cui
1420 3862 1448 3917 Ζ

245 3940 248 3946 ’
354 3950 388 4004 15
399 3951 497 4004 necros
509 3935 574 4005 nis
578 3951 604 4004 Ζ
676 3949 958 4018 regenerationes
1034 3951 1066 4003 ιτ
1079 3950 1218 4019 ermenus
1234 3949 1268 4004 οι
1336 3951 1479 4017 neene-

330 4091 333 4097 ,
352 4035 414 4106 bus}
427 4036 596 4104 increpandis
607 4036 671 4091 cdd.
685 4037 712 4090 Z
839 4035 976 4106 exigendis
990 4056 1006 4107 ρ
1139 4035 1172 4089 18
1183 4033 1353 4104 medicinam]
1366 4034 1481 4089 medica·

353 4121 456 4175 minac
533 4123 667 4177 Μαι
680 4125 724 4193 top
799 4126 827 4176 tc
840 4123 1073 4192 opertctcaeteo
1086 4121 1230 4190 proptcrO
1300 4119 1334 4174 21
1347 4120 1433 4190 gallia
1449 4120 1481 4184 V,

350 4207 454 4277 gallias
469 4208 512 4271 0¹,
523 4207 617 4278 galliis
634 4209 729 4279 0²⁸⁹ch
740 4209 796 4263 aiei
806 4207 879 4277 quod
891 4207 987 4261 isola
997 4222 1053 4260 raa.
1065 4223 1099 4260 m.
1112 4209 1141 4274 2,
1153 4205 1268 4275 gallaZ
