3570 4936
624 329 784 399 Epistula
800 331 1157 392 crunni-uxorne
1391 341 1453 406 749

326 486 461 553 sciamus
481 485 521 550 ad
542 504 634 570 quem
654 485 767 552 fratres
781 488 901 552 nostros
917 485 1052 572 dirigere
1073 492 1105 556 et
1126 492 1176 557 cui
1197 495 1329 563 scribere
1344 494 1454 563 debea-

326 608 406 656 mus.
423 589 495 671 opto
514 590 555 673 ts,
570 590 668 658 frater
682 590 849 669 carissime,
865 608 986 673 semper
1001 591 1078 656 bene
1094 595 1206 661 ualere.

541 899 908 1014 EPISTVLA
944 897 1240 1011 LXVIIII.

636 1123 838 1187 CYPRIANVS
856 1121 985 1179 MAGNO
1002 1118 1103 1176 EILIO
1121 1117 1147 1172 S.

282 1322 284 1326 ’
303 1353 315 1392 s
369 1328 430 1395 Pro
447 1332 501 1396 tua
514 1332 660 1418 religiosa
669 1332 835 1418 diligentia
847 1333 1031 1399 consuluisti
1043 1329 1291 1423 mediocritatem
1304 1331 1454 1409 nostram,
1471 1343 1483 1404 1

326 1431 373 1498 fili
388 1433 557 1512 carissime,
573 1454 612 1500 an
625 1435 706 1501 inter
721 1439 837 1502 ceteros
851 1436 1024 1502 haereticos
1040 1453 1091 1501 eos
1106 1451 1228 1517 quoque
1243 1431 1297 1515 qui
1313 1452 1332 1497 a
1346 1431 1455 1499 Noua-

326 1536 411 1601 tieno
427 1538 557 1603 ueniunt
571 1542 642 1621 post
656 1539 820 1622 profanum
836 1540 903 1605 eius
926 1541 1088 1605 leucorum
1111 1537 1263 1620 baptizari
1287 1537 1318 1601 et
1338 1538 1455 1602 sencti-

326 1637 412 1704 ficeri
433 1639 467 1704 in
487 1641 617 1706 ecclesia
638 1641 790 1707 catholice
810 1641 955 1722 legitimo
979 1644 1011 1706 et
1032 1660 1105 1707 uero
1133 1641 1164 1705 et
1191 1639 1280 1704 unico
1308 1639 1455 1705 ecclesiae

326 1741 481 1823 baptismo
506 1743 654 1824 oporteat.
683 1743 720 1806 <le
742 1750 803 1825 qua
822 1762 855 1808 re
882 1746 1034 1826 quantum
1060 1744 1133 1810 fidei
1160 1745 1283 1809 nostrae
1304 1742 1456 1825 capacitas

296 1866 321 1904 ιο
330 1845 363 1907 ct
378 1844 600 1927 scripturarum
617 1844 794 1911 diuinarum
809 1847 959 1912 sanctitas
975 1866 1010 1911 ac
1025 1848 1140 1913 ueritas
1156 1845 1306 1931 suggerit,
1322 1846 1457 1911 dicimus

327 1964 433 2012 omnes
455 1947 580 2012 omnino
594 1949 766 2014 haereticos
781 1952 813 2013 et
827 1951 1044 2016 schismaticos
1059 1950 1139 2015 nihil
1159 1949 1272 2016 habere
1292 1949 1456 2032 potestatis

291 2069 295 2075 ·
326 2069 363 2115 ac
378 2049 465 2114 iuris.
489 2053 616 2134 propter
637 2052 718 2134 quod
738 2052 934 2119 Nouatianus
954 2072 1011 2119 nec
1032 2053 1124 2118 debet
1147 2071 1204 2117 nec
1230 2053 1333 2135 potcst
1357 2053 1455 2136 excipi

327 2171 387 2235 quo
402 2154 506 2218 minus
521 2155 589 2238 ipse
605 2172 726 2237 quoque
741 2158 829 2222 extra
843 2157 1006 2223 ecclesiam
1028 2156 1200 2221 consistens
1221 2157 1253 2220 et
1273 2158 1379 2221 contra
1398 2174 1455 2237 pa·

330 2275 397 2321 cem
424 2274 460 2322 ac
486 2257 685 2324 dilectionem
707 2257 824 2324 Christi
845 2259 962 2324 iaciens
986 2260 1068 2323 inter
1094 2258 1287 2323 aduersarios
1312 2261 1345 2323 et
1372 2259 1456 2323 anti·

294 2359 460 2424 schristos
482 2361 676 2443 conputetur.
698 2380 796 2443 neque
819 2362 901 2426 enim
918 2361 1071 2426 Dominus
1091 2362 1196 2425 nostor
1210 2360 1296 2424 Iesus
1312 2358 1455 2425 Christus

327 2479 398 2525 cum
414 2461 448 2526 in
463 2463 625 2545 euangelio
640 2482 696 2528 suo
711 2465 881 2528 testaretur
897 2463 1041 2527 inimicos
1056 2480 1128 2527 suos
1144 2479 1209 2526 esse
1221 2463 1338 2544 eosqui
1350 2481 1454 2527 secum

327 2581 388 2628 non
414 2565 516 2628 essent
542 2565 681 2646 aliquem
708 2566 842 2649 speciem
867 2567 1028 2630 haereseos
1054 2565 1241 2648 designauit,
1269 2566 1322 2629 sed
1349 2583 1455 2630 omnes

329 2667 453 2731 omnino
474 2667 528 2747 qui
549 2685 654 2732 secum
669 2685 729 2732 non
745 2669 847 2733 essent
868 2670 901 2731 et
922 2686 1027 2732 secum
1048 2684 1108 2731 non
1131 2666 1313 2751 colligentes
1327 2685 1454 2750 gregem

378 2970 439 3025 lad
450 2956 501 3040 que
513 2988 549 3026 ec
560 2972 619 3042 adq.
632 2972 655 3027 C
773 2973 899 3042 scribere]
912 2974 1014 3029 seruire
1026 2972 1054 3025 Z
1173 2972 1305 3041 Esemper
1316 2971 1342 3024 b.
1355 2972 1455 3042 ualere]

327 3072 431 3127 semper
448 3057 547 3111 habere
559 3061 587 3112 te
597 3057 664 3112 bene
681 3073 728 3112 nec
745 3059 837 3112 nonin
850 3042 912 3113 dffo‘
920 3060 1010 3114 ualere
1023 3059 1054 3112 Z.
1070 3088 1100 3098 -
1114 3057 1233 3127 Explicit
1244 3057 1278 3112 ad
1290 3057 1457 3126 Stephanum

327 3142 402 3209 (add.
422 3142 461 3196 Z:
484 3143 517 3198 de
537 3142 672 3197 Martisue
695 3143 844 3199 arelatense
867 3145 915 3214 qui
939 3145 1070 3200 hmetieos
1093 3145 1205 3213 recepit)
1226 3143 1274 3208 Zo,
1299 3142 1417 3213 Explicit
1437 3145 1456 3208 ἑ,

326 3243 376 3283 om.
393 3229 438 3302 θρ.
454 3260 484 3269 -

380 3315 467 3384 Epist
480 3313 619 3369 LXVIIII.
639 3347 670 3356 -
683 3315 785 3385 incipit
805 3316 838 3371 de
858 3316 904 3370 his
924 3317 972 3385 qui
990 3316 1019 3369 in
1037 3315 1106 3369 lecto
1127 3316 1325 3384 consequuntur
1338 3313 1385 3385 SQ
1402 3314 1458 3369 aiei

328 3401 402 3471 quod
424 3400 447 3471 Q
463 3402 561 3471 incipit
581 3417 642 3471 om,
663 3400 765 3471 Incipit
785 3402 820 3456 ael
838 3401 968 3472 Magum
990 3402 1022 3457 tle
1039 3401 1194 3456 Nouatiano
1215 3383 1354 3470 (noufft‘Q
1371 3399 1457 3465 GLP,

326 3486 429 3558 Incipit
449 3486 625 3557 adllagnum
644 3487 677 3542 de
688 3487 844 3543 Nonetiano
855 3487 888 3543 de
909 3490 949 3557 (et
960 3489 993 3543 de
1004 3487 1042 3555 R)
1061 3487 1107 3541 hia
1127 3489 1174 3556 qni
1192 3487 1308 3541 inlecto
1326 3486 1458 3555 (gratiam

327 3573 393 3628 aad.
404 3574 442 3629 Μ
451 3589 472 3627 a.
486 3573 504 3626 l.
515 3589 550 3627 no.
563 3574 593 3641 2)
606 3576 781 3628 consecuntur
790 3574 861 3630 MR
874 3603 909 3615 —
919 3575 938 3629 4
948 3573 1006 3628 filio
1018 3589 1068 3629 om.
1080 3573 1104 3628 S
1170 3573 1187 3626 7
1200 3573 1311 3627 ueniant
1320 3571 1424 3642 cPQR

326 3659 496 3730 prophanum
509 3657 547 3714 Se
654 3661 683 3713 et
694 3675 743 3714 cese
758 3659 781 3715 0
882 3661 911 3713 et
922 3658 1083 3715 sanctificari
1096 3673 1145 3713 osa
1161 3658 1185 3714 S
1288 3657 1458 3713 Seocleaiam

327 3745 491 3800 catholicam
503 3744 627 3815 legitime
640 3762 702 3801 uero
714 3749 743 3799 et
753 3762 807 3801 uno
818 3745 849 3811 G,
860 3761 912 3801 om.
924 3744 954 3801 R
1060 3746 1077 3799 9
1089 3743 1283 3813 baptissimoS
1384 3742 1457 3813 tidei]

328 3831 391 3887 fidei
403 3831 545 3902 quoqneQ
626 3832 700 3887 nosti
710 3833 747 3887 Μ
756 3834 873 3903 (nostroe
888 3832 923 3903 Q)
1004 3831 1038 3885 11
1049 3830 1150 3900 omnes]
1163 3813 1225 3885 (11ιῖ
1226 3829 1249 3885 C
1327 3829 1458 3884 chrisma·

327 3920 396 3975 ticoa
411 3919 443 3976 δ’
548 3919 583 3974 12
594 3919 730 3983 debentR
823 3919 891 3991 nec]
904 3935 953 3974 ne·
966 3919 994 3974 P
1096 3918 1131 3972 14
1141 3916 1214 3972 inter
1225 3942 1252 3972 u
1263 3916 1291 3972 L
1301 3917 1340 3971 im
1353 3931 1422 3971 ersa.

328 4005 492 4060 antichristo
504 4005 532 4060 L
647 4006 680 4061 16
691 4006 816 4061 inimicos
828 4006 858 4071 S,
871 4005 1037 4060 adummmos
1050 4001 1199 4072 cucone
1312 4002 1345 4056 17
1354 4001 1457 4090 Qut]

327 4094 398 4146 esset
411 4092 446 4158 R,
465 4107 523 4146 esse
535 4091 563 4147 L
716 4091 867 4162 haereseos]
884 4091 1017 4146 hereticos
1038 4087 1062 4158 Q
1216 4089 1318 4159 omnes]
1336 4087 1386 4143 dns
1402 4088 1425 4144 0

327 4179 361 4234 18
373 4178 490 4248 omnino]
500 4178 635 4233 hereticos
647 4177 711 4234 adel.
725 4178 777 4235 ΟΒ
884 4180 974 4232 essent
986 4179 1015 4231 et
1026 4189 1116 4230 secum
1128 4190 1182 4231 non
1193 4190 1244 4231 coe
1258 4175 1282 4230 8
1383 4174 1458 4230 oolli-

326 4267 423 4334 gerent
435 4266 556 4336 (gregem
568 4280 590 4320 a.
603 4267 760 4336 spargerent
771 4267 835 4334 om.)
847 4262 875 4320 R
