3570 4936
640 340 819 411 Epistulae
835 342 988 399 LXXIII.
1006 361 1026 399 c
1047 345 1138 404 7-,-10.
1388 349 1452 417 785

322 500 359 564 ut
384 498 522 565 oratione
545 519 601 583 pro
623 498 669 566 eis
691 497 800 563 habita
819 500 851 564 et
870 518 965 565 manu
988 501 1124 584 inposita
1145 504 1342 571 inuocaretur
1356 507 1388 572 et
1402 503 1452 569 in·

328 602 511 668 funderetur
532 623 624 687 super
643 622 695 669 eos
715 603 843 688 spiritus
863 605 997 669 sanctus.
1021 607 1104 688 quod
1124 628 1206 675 nunc
1226 628 1347 693 quoque
1368 607 1452 694 apud

320 720 377 771 nos
399 704 528 790 geritur,
549 707 660 792 utqui
680 707 715 772 in
735 706 865 773 ecclesia
884 706 1081 788 baptizantur
1100 713 1285 796 praepositis
1306 713 1452 779 ecclesiae

323 809 493 875 offerantur
522 812 554 876 et
582 831 637 895 per
665 812 804 877 nostram
833 810 1003 876 orationem
1031 829 1067 876 ac
1092 831 1203 878 manus
1231 816 1450 898 inpositionem

300 913 471 998 sspiritum
506 917 650 981 sanetum
684 914 913 999 consequantur
941 916 973 980 et
1002 914 1162 999 signaculo
1194 918 1348 985 dominico
1379 938 1452 987 oon·

280 1087 283 1093 ,
322 1018 527 1083 summantur.
1293 1087 1296 1092 ,

363 1120 435 1186 Non
449 1115 589 1207 astorgo,
601 1122 877 1200 irateroarissime‚
892 1122 974 1204 quod
986 1119 1150 1186 haereticis
1160 1122 1331 1190 cedendum
1343 1126 1451 1193 existi-
1463 1119 1503 1182 ¹0

320 1242 445 1290 memus
461 1227 493 1289 et
506 1224 662 1307 baptisma
682 1224 764 1308 quod
778 1243 839 1290 non
853 1224 916 1291 nisi
929 1224 984 1289 uni
999 1232 1030 1290 et
1044 1221 1103 1287 soli
1119 1224 1266 1290 ecclesiae
1281 1227 1392 1294 datum
1406 1229 1451 1295 sit

320 1329 514 1412 prodendum
528 1329 686 1411 putemus.
708 1328 782 1392 boni
796 1328 910 1393 militis
925 1331 974 1393 est
988 1326 1138 1392 aduersus
1153 1327 1285 1397 rebelles
1300 1332 1332 1394 et
1346 1329 1451 1396 hostes
1486 1352 1490 1360 ·

288 1433 523 1516 reimperatoris
549 1432 598 1496 sui
624 1433 726 1497 cestra
753 1429 925 1496 defendere.
952 1430 1079 1515 gloriosi
1105 1429 1194 1496 ducis
1216 1432 1264 1496 est
1285 1431 1453 1499 commissa
1577 1481 1581 1490 .

319 1538 384 1604 sibi
400 1537 637 1622 signaseruare.
654 1534 884 1616 scriptumest:
906 1533 1092 1608 Dominus
1112 1530 1215 1598 Deus'
1236 1537 1329 1599 tuus
1349 1536 1450 1602 Deus
1507 1565 1510 1572 ·

319 1641 450 1706 zelans
479 1641 547 1704 est.
577 1638 631 1719 qui
661 1636 808 1719 spiritum
830 1636 890 1701 Dei
912 1636 1085 1719 accepimus
1107 1636 1209 1702 zelum
1231 1637 1356 1703 diuinae
1377 1637 1450 1729 fiuqi
1491 1716 1512 1731 ,Ι
1541 1642 1545 1649 ’

318 1743 431 1809 habere
457 1740 613 1817 debemus,
639 1755 699 1822 quo
725 1739 790 1803 uelo
810 1738 920 1804 lineos
940 1739 1059 1821 placuit
1084 1741 1115 1804 et
1135 1739 1237 1806 Demn
1261 1741 1449 1823 promeritus

320 1844 513 1928 indignantis
528 1842 608 1907 iram
623 1841 735 1925 populo
750 1844 898 1924 pereunte
912 1842 1033 1909 leniuit
1050 1844 1125 1926 quid
1140 1845 1283 1910 adultera
1298 1846 1330 1910 et
1345 1845 1449 1911 aliena

287 1953 354 2016 net
368 1949 493 2013 diuinae
514 1946 795 2013 unitatisinimica
808 1947 1018 2029 inacceptum
1037 1948 1209 2026 referimus,
1231 1949 1285 2032 qui
1306 1966 1368 2014 non
1387 1949 1449 2015 nisi

325 2071 423 2118 unum
439 2048 598 2116 Christum
613 2052 645 2114 et
658 2069 752 2115 unam
768 2051 835 2115 eius
850 2051 1011 2117 ecelesiam
1025 2041 1204 2116 nouimusl'
1215 2052 1344 2117 ecclesia
1357 2071 1449 2135 para·

326 2155 387 2219 disi
409 2154 509 2220 instar
529 2152 702 2235 exprimens
723 2152 846 2219 arbores
867 2152 1033 2238 frugiferas
1052 2154 1136 2219 intre
1155 2173 1261 2219 muros
1275 2172 1347 2220 suos
1361 2156 1449 2222 intus

320 2258 460 2336 inclusit,
477 2277 513 2322 er
528 2256 641 2339 quibus
656 2275 735 2339 quae
749 2274 810 2321 non
825 2256 901 2321 facit
916 2256 1055 2322 fructum
1069 2256 1186 2322 bonum
1200 2258 1354 2323 exciditur
1369 2258 1448 2323 etin
1509 2285 1511 2289 ·

321 2361 428 2445 ignem
454 2359 604 2425 mittitur.
632 2359 688 2425 has
713 2359 837 2425 arbores
862 2362 947 2446 ngat
972 2347 1122 2443 quattuor
1140 2359 1323 2426 fluminibus
1336 2360 1379 2425 'id
1400 2363 1449 2426 est

288 2487 315 2528 ao
326 2463 499 2549 euangeliis
514 2465 670 2544 quattuor,
686 2463 798 2545 quibus
813 2462 964 2546 baptismi
978 2463 1113 2547 gratiam
1129 2462 1261 2528 salutari
1276 2467 1308 2527 et
1322 2463 1449 2542 caelesti

322 2565 525 2632 inundatione
539 2566 682 2650 largitur.
699 2565 853 2648 numquid
867 2565 906 2630 de
919 2564 1064 2631 ecclesiae
1078 2563 1218 2630 fontibus
1232 2565 1334 2649 rigare
1347 2566 1451 2650 potest
1523 2591 1527 2602 ·

321 2671 376 2752 qui
390 2669 475 2734 intus
490 2670 523 2733 in
538 2668 666 2733 ecelesia
681 2688 741 2734 non
756 2667 993 2749 estonumquid
1007 2666 1144 2750 paradisi
1158 2668 1251 2749 potus
1267 2667 1407 2732 salubres
1418 2640 1471 2732 οῖ’
1582 2719 1591 2738 .
1657 2736 1660 2743 ,

324 2771 475 2836 salutares
495 2770 644 2854 inpertire
665 2770 810 2852 cuiquam
825 2771 928 2851 potest
942 2769 996 2852 qui
1010 2787 1172 2851 peruersus
1188 2773 1221 2836 et
1231 2765 1254 2836 'a
1269 2773 1369 2836 semet
1382 2769 1450 2853 ipso
1474 2842 1478 2849 ,

427 2974 460 3027 11
478 2974 557 3028 Dcut
574 2973 600 3036 4,
619 2972 660 3026 24„

373 3147 389 3199 1
401 3145 493 3214 posita
510 3143 544 3200 0¹
649 3147 676 3197 et
688 3142 874 3197 infunderetur
885 3159 935 3198 ont
948 3143 977 3199 Β
1078 3144 1263 3214 3baptiaatur
1275 3148 1303 3202 Β
1402 3165 1451 3219 per

325 3230 489 3301 praepositos
505 3228 528 3285 G
657 3228 828 3282 dederentur
839 3227 867 3283 Β
997 3230 1218 3301 boensequastur
1231 3233 1259 3286 B
1388 3244 1449 3288 oon·

322 3320 486 3371 summestur
497 3315 526 3368 Β
638 3313 749 3368 litator
760 3330 810 3369 occ
824 3314 852 3369 P
965 3317 1102 3370 carissime
1115 3318 1203 3374 ormo
1304 3320 1338 3375 de
1349 3321 1449 3375 hereti·

322 3402 398 3458 cisC
515 3387 661 3455 cedendum
673 3399 707 3454 N
824 3398 841 3454 8
853 3401 890 3471 et]
902 3405 934 3455 ut
946 3402 985 3457 Go
1104 3406 1133 3457 ct
1144 3404 1196 3458 soli
1208 3420 1258 3459 om.
1275 3405 1298 3462 O
1359 3430 1362 3436 ²
1411 3405 1450 3460 sit

321 3490 413 3546 mn
554 3486 710 3541 enema
847 3473 1116 3542 retamim-mn
1253 3490 1414 3561 ιιιιιιοι

319 3577 431 3647 purnes
444 3576 497 3639 Νι,
515 3573 614 3627 onae
627 3573 663 3637 Β,
680 3572 817 3627 niueo·
971 3574 1091 3643 praeno
1104 3574 1139 3629 ο1
1294 3581 1323 3630 e
1336 3559 1399 3631 effi
1412 3576 1449 3641 Β,

320 3666 348 3717 et
360 3648 405 3717 diu
418 3664 446 3716 et
458 3661 481 3716 G
491 3661 610 3715 aberam
621 3663 650 3713 et
661 3675 680 3713 s.
695 3659 711 3713 l.
799 3660 951 3729 promeritis
963 3658 1047 3714 cris
1060 3676 1094 3715 cx
1108 3677 1148 3725 us,
1159 3677 1207 3730 pro
1221 3664 1317 3717 merito
1328 3679 1376 3716 suo
1387 3663 1416 3717 Β

318 3735 353 3803 1‘4
364 3748 516 3803 adulteram
528 3745 596 3801 ONe
751 3744 850 3815 eliens]
869 3745 1045 3815 alieniginam
1056 3763 1073 3801 o
1084 3752 1111 3800 et
1123 3745 1204 3802 Csed
1216 3751 1248 3803 ia
1261 3749 1285 3805 0
1299 3766 1343 3804 am
1355 3764 1415 3804 eae
1509 3815 1511 3819 y
1608 3769 1610 3773 ⁷
1694 3787 1700 3799 .

317 3837 352 3890 15
363 3837 391 3888 et
402 3833 487 3889 σπιθ
588 3831 691 3886 unitati
703 3832 731 3887 Β
834 3832 970 3885 inimicam
984 3831 1022 3887 Oe
1125 3833 1158 3887 16
1170 3850 1250 3889 unam
1262 3835 1330 3904 eius]
1344 3835 1448 3890 unicam

317 3919 492 3977 caunituaG
583 3920 611 3971 et
621 3917 733 3972 eeclesia
745 3918 800 3971 NP
888 3917 1032 3987 paradisiis
1044 3917 1078 3974 θ’
1177 3921 1209 3973 ll
1222 3920 1415 3977 luctiferasoc

317 4008 351 4062 18
363 4005 506 4063 includito
575 4004 652 4075 quae]
665 4005 712 4072 qui
724 4003 787 4059 OP'
855 4004 953 4058 bonum
966 4002 1117 4060 fructumC
1182 4006 1414 4065 marrenses

318 4099 346 4149 et
358 4111 438 4150 οΜ
558 4090 681 4144 caelestis
694 4091 721 4145 Β
845 4090 879 4144 21
892 4089 1095 4145 iuundationem
1110 4093 1145 4147 Τ·
1268 4095 1353 4164 rigari
1365 4093 1448 4150 orn

319 4199 354 4237 esc
364 4199 394 4237 re
508 4180 543 4235 22
555 4178 663 4233 saluber
674 4181 716 4232 est
728 4179 767 4244 (et
779 4180 841 4245 om.)
853 4177 879 4232 L
990 4177 1026 4232 23
1037 4193 1174 4252 peruersos
1186 4179 1213 4234 L
1316 4181 1389 4250 lpsos
1403 4182 1447 4247 Β,

320 4269 408 4338 ipsum
420 4268 449 4323 Β

421 4374 472 4423 ιιι.
1170 4356 1244 4422 bd
1273 4370 1278 4382 ·
