3570 4936
556 370 1041 440 EpistulaeLXXV.a11-14.
1297 378 1363 446 819

273 525 483 593 Deonrramus
508 544 583 593 uero
603 525 742 591 breuiter
764 527 798 591 et
818 529 922 595 oetera
942 549 1020 613 quae
1040 530 1162 597 auobis
1184 530 1307 614 eopiosa
1328 534 1362 598 et
1374 537 1415 602 18

233 618 414 712 plenissime
434 631 519 696 dista
540 634 615 696 sunt
634 628 802 695 festinante
822 631 874 694 uel
895 632 1031 699 maxime
1052 636 1092 700 sd
1110 652 1167 700 uos
1187 635 1361 721 Rogatiano

235 731 364 798 diacono
384 734 545 802 carissimo
565 736 681 801 nostro.
702 731 846 814 seqnitur
859 734 943 798 enim
957 734 1039 802 illud
1053 737 1135 820 quod
1151 737 1363 824 interrogandi

232 836 307 901 eunt
323 836 446 902 anobis
466 838 521 921 qui
541 838 713 904 haeretioos
734 834 906 901 defendunt
926 838 1034 902 utrum
1048 841 1172 906 carnale
1191 841 1235 906 sit
1254 859 1361 908 eorum

205 955 224 995 ὁ
234 938 392 1023 baptisma
404 960 444 1007 an
455 941 606 1024 spiritale.
619 941 742 1006 sienim
754 939 876 1006 carnale
886 940 943 1020 est,
955 939 1036 1005 nihil
1045 941 1194 1010 differunt
1204 943 1362 1010 aludaeo-

231 1061 304 1108 rnm
321 1042 488 1127 baptismo,
510 1063 571 1128 quo
591 1045 637 1110 sio
658 1044 708 1109 illi
727 1044 861 1108 utuntur
874 1043 961 1107 uteo
975 1042 1135 1125 tamqnam
1156 1047 1312 1113 eommuni
1329 1049 1362 1113 et

233 1145 358 1232 uulgari
378 1148 502 1215 lauacro
516 1151 642 1215 tantum
657 1147 761 1214 sordes
776 1147 954 1212 abluantur.
979 1145 1126 1212 mantem
1146 1149 1289 1231 spiritale
1303 1152 1361 1228 est,

230 1250 384 1330 quomodo
409 1252 492 1335 apud
517 1251 589 1317 illos
615 1270 681 1318 esse
706 1250 864 1333 baptisma
889 1247 1031 1331 spiritale
1056 1251 1160 1332 potest
1180 1251 1263 1333 apud
1284 1271 1361 1335 quos

229 1353 355 1418 sanetus
368 1355 497 1435 spiritus
508 1372 568 1420 uon
582 1357 653 1420 est?
669 1373 706 1421 ao
716 1373 771 1437 per
782 1353 840 1418 hoo
851 1371 932 1435 aqua
944 1369 1006 1433 qua
1017 1350 1184 1434 tinguntur
1197 1354 1360 1421 laneorum

192 1472 223 1512 ro
232 1454 280 1519 est
294 1455 361 1521 illis
376 1457 499 1522 carnale
514 1459 650 1535 tanturn,
666 1475 727 1522 non
741 1455 892 1539 baptismi
907 1455 1146 1521 sacramentum,

274 1555 362 1636 Quod
377 1559 405 1623 si
419 1560 579 1641 baptisma
599 1552 825 1624 haeretieorum
846 1558 960 1622 habere
978 1558 1083 1639 potest
1097 1557 1361 1641 regenerationem
1373 1567 1413 1632 u

232 1662 384 1727 secundae
403 1661 591 1738 natiuitatis,
613 1679 674 1725 non
695 1660 844 1726 haeretiei
864 1659 918 1724 sed
935 1658 993 1722 filii
1009 1657 1069 1723 Dei
1083 1659 1272 1742 oonputandi
1286 1664 1361 1727 sunt

228 1762 283 1844 qni
306 1763 390 1845 apud
410 1764 482 1828 illos
502 1763 711 1845 baptizantur.
734 1763 869 1828 secunda
890 1761 973 1828 enim
996 1761 1147 1829 natiuitas
1167 1781 1246 1846 qnae
1265 1765 1314 1828 est
1327 1763 1361 1828 in

229 1864 386 1947 baptimo
411 1864 493 1929 filios
515 1865 574 1930 Dei
597 1868 737 1951 generat,
765 1865 793 1930 si
817 1868 924 1932 autem
946 1882 1057 1947 sponsa
1079 1864 1195 1932 Christi
1219 1885 1282 1931 una
1303 1869 1360 1943 est,

191 1983 220 2022 rs
229 1983 308 2047 quae
328 1967 376 2032 est
396 1968 528 2033 ecelesia
541 1969 705 2047 catholica,
727 1969 796 2052 ipsa
809 1971 858 2034 est
872 1987 951 2053 quae
966 1969 1032 2033 sola
1046 1971 1173 2052 generat
1188 1969 1254 2034 Deo
1268 1968 1359 2033 filios.

227 2087 326 2151 neque
348 2069 433 2134 enirn
455 2071 578 2137 multae
601 2089 731 2154 sponsae
754 2070 882 2150 Christi,
905 2090 979 2136 eum
999 2071 1084 2136 dieat
1104 2072 1278 2155 apostolus:
1300 2072 1361 2137 de·

226 2173 364 2254 spondi
397 2192 464 2239 uos
496 2175 562 2240 uui
595 2176 681 2240 niro
713 2176 911 2259 uirginem
943 2176 1117 2239 sanatam
1150 2175 1362 2258 adsignare

227 2271 401 2354 Christo,
439 2278 487 2341 et:
524 2277 615 2342 audi
654 2277 746 2343 filia
780 2279 819 2343 et
851 2277 942 2342 uide
975 2279 1012 2341 et
1044 2276 1194 2341 inclina
1230 2294 1362 2341 aurem

226 2380 332 2445 tuam
366 2382 404 2445 et
437 2380 675 2446 obliuiscere
708 2381 844 2464 populi
876 2381 951 2457 tui,
985 2379 1075 2461 quia
1108 2378 1354 2445 desiderauit

188 2496 288 2545 sorex
318 2484 486 2564 speciem
516 2484 637 2564 tuam,
669 2485 718 2548 et:
750 2483 838 2548 ueni
866 2499 1006 2564 sponsa
1034 2481 1079 2545 de
1101 2481 1266 2558 Libano,
1297 2482 1359 2547 ad·

225 2585 358 2649 uenies
381 2587 419 2650 et
440 2586 710 2668 pertransibis
732 2604 751 2650 a
772 2585 971 2668 principio
993 2582 1108 2660 fidei,
1138 2586 1185 2648 et:
1208 2584 1360 2665 ingres-

224 2703 289 2750 sus
316 2707 399 2753 sum
420 2689 459 2754 in
481 2689 637 2754 bortum
663 2707 802 2771 meum,
830 2704 939 2753 soror
965 2703 1060 2767 mea,
1088 2702 1239 2767 sponsa
1268 2685 1358 2750 uide-

227 2807 298 2852 mus
312 2809 406 2855 nnam
421 2808 585 2872 personam
600 2791 716 2872 ubique
731 2789 872 2872 proponi,
887 2788 962 2872 qnia
976 2788 1008 2853 et
1019 2804 1131 2868 sponsa
1145 2790 1194 2851 est
1208 2805 1279 2852 uua.
1296 2804 1358 2851 non

224 2891 392 2957 astantem
407 2911 470 2957 una
484 2893 646 2958 nobiseum
661 2891 886 2958 haeretieorum
901 2908 1068 2976 synagoga,
1084 2891 1158 2974 quia
1172 2908 1228 2956 neo
1242 2908 1355 2974 sponsa

185 2995 275 3059 esest
289 2994 432 3059 adultera
446 2996 478 3060 et
493 2992 669 3060 fornicaria.
691 2994 775 3059 unde
789 3013 845 3060 neo
859 2993 963 3076 potest
976 2991 1057 3058 filios
1072 2993 1138 3058 Deo
1153 3009 1270 3075 parere.
1292 2992 1355 3056 nisi

223 3096 252 3161 si
266 3098 435 3163 secundum
455 3097 538 3178 quod
553 3095 710 3181 Stephano
726 3095 852 3162 uidetur
865 3095 1002 3161 haeresis
1016 3096 1142 3178 quidem
1158 3094 1241 3176 parit
1256 3096 1288 3158 et
1303 3113 1357 3158 ex·

223 3200 322 3283 ponit,
337 3199 492 3283 expositos
506 3200 613 3265 autern
628 3198 760 3264 eoolesia
774 3198 916 3281 susoipit‚
937 3197 970 3261 et
984 3213 1060 3279 quos
1075 3213 1135 3262 non
1150 3196 1220 3278 ipsa
1233 3196 1356 3279 peperit

223 3318 279 3383 pro
300 3302 365 3368 suis
385 3303 496 3380 nubit,
522 3321 592 3369 oum
614 3302 752 3368 fitiorum
773 3302 948 3368 alienorum
968 3303 1071 3367 mater
1093 3318 1159 3366 esse
1181 3317 1244 3365 non
1259 3300 1359 3382 possit

227 3405 259 3469 et
271 3403 341 3471 ideo
356 3402 500 3470 Christus
509 3405 668 3472 Dominus
682 3407 788 3472 noster
802 3423 897 3470 unam
911 3421 978 3470 esse
992 3402 1198 3469 manifestans
1212 3419 1359 3486 sponsam

327 3515 473 3615 mnas.
487 3561 528 3624 11,
542 3561 567 3614 a.
634 3560 722 3614 1sr>s
735 3560 778 3624 44,
791 3561 833 3613 11.
896 3556 1095 3620 mansas.
1154 3554 1349 3618 anensem

272 3695 412 3751 bdiaoone
426 3695 451 3766 Q
535 3697 703 3766 staupum
716 3696 779 3767 ΙΨ,
794 3699 899 3751 tantam
911 3694 992 3765 W,
1006 3696 1113 3749 nutum
1126 3694 1157 3749 Ε
1240 3693 1360 3748 'isordes

224 3779 368 3836 abluantur
388 3782 498 3850 scripsi,
522 3783 598 3838 sorde
622 3783 764 3837 salsentur
789 3782 819 3852 Q,
844 3781 920 3836 eorde
943 3780 1071 3834 leuantur
1092 3779 1128 3845 Ε,
1152 3780 1242 3836 sordes
1264 3779 1358 3835 lanen-

220 3867 314 3924 eurs
405 3867 523 3938 simus
621 3851 823 3939 saffiram
924 3867 1083 3935 quous
1178 3864 1364 3920 nanos-na

223 3951 258 4006 ab
269 3968 339 4009 eras.
353 3956 416 4021 (non
432 3952 466 4023 Q)
535 3955 649 4011 heretici
662 3954 708 4009 sed
720 3953 773 4008 filii
784 3952 829 4008 dei
842 3952 868 4017 I,
880 3952 1008 4006 hereticis
1018 3953 1048 4004 et
1059 3951 1122 4006 fidei
1135 3950 1191 4021 EQ
1262 3950 1296 4005 14
1307 3951 1360 4020 est]

223 4054 252 4093 es
266 4038 305 4094 Μ
314 4038 413 4109 (estQ)
499 4041 533 4094 15
545 4040 604 4112 deo]
617 4041 662 4096 dai
673 4039 737 4096 alo
819 4039 852 4092 16
863 4037 966 4092 multae
978 4038 1042 4090 sunt
1055 4036 1157 4091 ΒΜ
1239 4034 1272 4088 1Ἰ
1284 4049 1361 4089 sano·

222 4124 466 4196 tamEQ‚castem
479 4123 515 4180 Io
624 4121 1082 4195 18filiaeM¹(tiliaQse‹ias.t)
1188 4119 1362 4191 19populum

221 4212 300 4265 tuum
311 4212 349 4266 Μ
351 4215 359 4242 ¹
372 4211 475 4281 (populi
486 4212 530 4266 tui
541 4213 627 4285 M’Q)
727 4211 762 4265 23
774 4227 829 4266 nna
839 4211 881 4264 est
896 4209 921 4282 Q
1016 4208 1051 4263 25
1061 4207 1111 4263 deo
1124 4207 1203 4279 Ele,
1217 4206 1264 4262 dei
1276 4208 1327 4262 Mo

220 4297 418 4354 aeneum
516 4298 552 4353 27
563 4299 727 4372 pepererito

1081 4382 1156 4447 52·
