3570 4936
629 343 809 415 Epistulae
826 344 996 400 LXVIIII.
1015 362 1037 401 o.
1056 344 1166 400 12-14.
1396 347 1459 414 763

328 505 466 588 piantur,
482 503 519 566 ut
536 502 564 570 si
578 500 811 570 iuoommodum
825 500 986 583 languoris
1008 504 1164 568 suaserint
1184 504 1216 566 et
1236 500 1458 578 conuulnerint

329 605 536 690 baptizentur.
558 608 585 672 si
610 607 717 673 autem
738 602 890 688 baptizari
911 622 972 669 non
994 607 1124 686 possunt
1145 605 1198 688 qui
1219 607 1283 672 iam
1297 605 1456 690 baptismo
1561 610 1564 616 '

329 706 538 776 eeclesiastico
554 709 741 777 sanctificati
756 709 839 791 sunt,
861 725 916 772 our
938 706 972 770 in
993 705 1055 771 fide
1078 723 1135 773 sua
1156 710 1188 773 et
1202 709 1329 775 Domini
1348 709 1456 775 indul-

330 811 437 898 geutia
450 813 722 880 scandalizentur?
742 832 782 879 an
803 809 959 878 consecuti
975 809 1049 874 sunt
1064 810 1190 890 quidem
1204 813 1341 896 gratiam
1357 812 1459 878 domi·

316 916 447 991 enisam,
463 915 517 980 sed
532 917 673 984 breuiore
689 920 721 983 et
735 916 855 983 minore
872 931 1016 980 mensura
1030 914 1167 978 muneris
1189 915 1289 980 diuini
1309 935 1346 982 ao
1366 917 1460 1002 spiri·

330 1020 383 1083 tus
398 1018 508 1097 saneti,
524 1023 561 1086 ut
575 1021 749 1087 habeantur
763 1019 890 1103 quidem
905 1015 1078 1092 christiani,
1102 1032 1163 1081 nou
1178 1017 1242 1082 sint
1256 1019 1363 1086 tamen
1377 1022 1460 1086 oete·

331 1122 375 1186 ris
390 1121 608 1204 adaequandi?

372 1222 454 1303 Quin
476 1226 573 1293 immo
594 1228 726 1313 spiritus
746 1218 871 1294 sanetus
891 1246 953 1293 nou
968 1226 1007 1290 de
1021 1240 1166 1290 mensura
1186 1222 1279 1287 datur
1299 1225 1354 1291 sed
1368 1225 1512 1309 superii

331 1327 507 1394 credentem
522 1332 608 1396 totus
623 1331 810 1397 infunditur.
833 1350 906 1396 nam
921 1330 949 1395 si
964 1329 1032 1394 dies
1046 1326 1190 1392 omnibus
1213 1325 1383 1408 aequaliter
1404 1347 1461 1393 na-

297 1433 430 1498 rescitur
457 1435 490 1498 et
509 1435 536 1498 si
557 1434 603 1500 sol
624 1453 717 1517 super
738 1453 843 1501 omnes
865 1435 934 1517 pari
960 1434 992 1498 et
1017 1430 1140 1513 aequali
1165 1429 1235 1494 luoe
1261 1429 1458 1508 diffunditur,

330 1538 445 1619 quanto
467 1537 570 1623 magis
592 1535 735 1604 Christus
757 1537 804 1603 sol
823 1541 856 1603 et
876 1538 943 1602 dies
964 1554 1058 1601 uerus
1079 1535 1113 1600 in
1133 1532 1261 1599 eeclesia
1283 1549 1340 1598 sua
1353 1531 1462 1596 lumen

213 1637 217 1644 ’
329 1639 414 1704 uitae
447 1641 590 1706 aeternae
621 1639 691 1722 pari
725 1641 914 1723 aequalitate
948 1640 1108 1725 largitur?
1144 1635 1233 1702 onius
1262 1634 1463 1718 aequalitatis

330 1742 560 1806 saeramentum
576 1742 720 1808 uidemus
734 1744 768 1808 iu
782 1743 887 1809 Exodo
908 1762 974 1810 esse
995 1742 1197 1823 celebratum,
1220 1758 1294 1805 oum
1317 1740 1355 1804 de
1375 1739 1461 1804 oaelo

330 1861 442 1907 manna
464 1842 613 1909 deflueret
634 1846 666 1910 et
686 1844 863 1912 futurorum
884 1845 1145 1931 praefiguratione
1166 1843 1354 1909 alimentum
1368 1841 1460 1925 panis

297 1945 475 2011 raeaelestis
497 1949 529 2011 et
549 1947 654 2012 cibum
676 1945 793 2013 Christi
814 1950 967 2016 uenientis
991 1946 1177 2015 ostenderet.
1199 1945 1266 2012 illio
1287 1947 1370 2012 enim
1395 1945 1462 2012 siue

330 2048 510 2113 discrimine
525 2050 577 2115 uol
592 2067 682 2115 sexus
697 2052 748 2117 uel
763 2052 876 2118 aetatis
891 2069 1000 2137 gomor
1021 2051 1155 2135 singulis
1179 2049 1351 2132 aequahter
1372 2048 1463 2114 oolli-

331 2150 474 2236 gebatur.
510 2152 592 2218 unde
626 2155 795 2237 apparebat
827 2153 944 2222 Christi
973 2153 1203 2236 indulgentiam
1232 2154 1264 2217 et
1293 2152 1460 2217 caelestem

331 2253 466 2338 gratiam
492 2258 692 2337 postmodum
712 2260 890 2323 secuturam
912 2256 1084 2339 aequaliter
1107 2254 1251 2320 omnibus
1274 2253 1375 2318 diuidi
1395 2253 1462 2318 siue

333 2376 423 2423 sexus
438 2359 601 2438 uarietate,
617 2362 684 2426 sine
699 2379 850 2427 annorum
866 2360 1057 2436 discrimine,
1080 2360 1147 2423 sine
1162 2357 1339 2440 acceptioue
1354 2374 1460 2440 porso-

295 2481 321 2522 ιο
330 2478 397 2537 nae,
413 2480 506 2544 super
520 2481 643 2529 omnem
655 2464 715 2528 Dei
729 2465 882 2547 populum
897 2463 1049 2546 spiritalis
1064 2461 1183 2544 gratiae
1197 2478 1311 2525 munus
1326 2458 1459 2523 infundi.

329 2561 420 2644 plane
435 2562 542 2628 eadem
558 2565 662 2649 gratia
677 2564 828 2646 spiritalis
844 2582 923 2647 quae
938 2562 1113 2645 aequaliter
1126 2561 1160 2626 in
1174 2560 1331 2644 baptismo
1352 2579 1370 2624 a
1390 2579 1458 2626 ore·

329 2664 475 2728 dentibus
490 2666 628 2731 sumitur
641 2667 675 2731 in
690 2667 922 2732 conuersatione
937 2666 1037 2747 adque
1053 2667 1126 2729 aotu
1140 2665 1244 2727 nostro
1259 2662 1461 2745 postmodum
1531 2674 1535 2682 ·

329 2765 380 2829 uel
406 2766 561 2831 minuitur
585 2768 638 2833 uel
663 2772 805 2855 augetur,
831 2769 867 2833 ut
892 2770 926 2833 in
952 2764 1113 2850 euangeho
1139 2764 1331 2830 dominicum
1356 2782 1461 2830 semen

329 2867 501 2950 aequaliter
515 2869 698 2947 seminatur,
720 2870 775 2937 sed
789 2888 845 2954 pro
866 2871 1020 2936 uarietate
1040 2872 1140 2934 terrae
1163 2866 1249 2933 aliud
1271 2868 1459 2947 absumitur,

294 2970 416 3036 reabud
437 2971 470 3036 in
484 2970 713 3038 multiformem
728 2973 847 3056 copiam
869 2975 922 3038 uel
946 2971 1097 3038 trioesimi
1122 2970 1174 3036 uel
1195 2970 1381 3054 sexagesimi
1407 2971 1459 3035 uel

330 3072 491 3138 centesimi
506 3075 629 3140 numeri
644 3075 748 3140 fructu
764 3077 949 3141 exuberante
963 3075 1152 3141 cumulatur.
1170 3072 1272 3138 adhuo
1286 3090 1360 3138 uero
1388 3092 1460 3139 oum

330 3176 447 3261 singuli
462 3176 502 3241 ad
517 3178 679 3243 denarium
695 3181 853 3256 uocantur,
869 3179 946 3261 quid
961 3181 1009 3243 est
1024 3179 1061 3242 ut
1076 3178 1157 3267 quod
1173 3195 1192 3242 a
1207 3176 1273 3242 Deo
1288 3176 1462 3259 aequaliter

331 3279 533 3345 distribuitur
547 3280 683 3346 humana
697 3280 952 3366 interpretatione
967 3283 1153 3346 minuatur?

376 3515 394 3569 3
406 3515 593 3588 soauotiflaati]
606 3501 687 3572 soi‘B
805 3520 1054 3576 isoandalizantur
1070 3519 1136 3576 OVo
1257 3517 1369 3589 quidum
1387 3519 1420 3576 0¹

327 3601 384 3685 bet
395 3603 559 3659 mensuraO
666 3604 758 3676 bnon]
774 3607 801 3660 et
813 3622 866 3661 non
883 3606 906 3662 G
1008 3605 1103 3675 8quin
1173 3605 1325 3661 credentem
1336 3622 1387 3662 oea
1404 3606 1428 3662 G

327 3685 360 3740 de
371 3687 419 3758 m]
432 3687 467 3742 ad
479 3703 632 3744 mensuram
645 3707 662 3744 o
816 3691 833 3746 9
844 3692 929 3761 totus]
942 3691 1022 3746 datus
1035 3691 1064 3746 P
1219 3691 1333 3762 101qu
1345 3692 1424 3747 ruodo
1439 3691 1463 3748 0

326 3787 348 3826 s.
361 3772 378 3827 1.
392 3776 460 3827 emit
587 3776 619 3829 11
632 3774 729 3830 christi
746 3775 770 3832 0
894 3793 943 3832 aua
955 3792 1005 3832 orn.
1022 3778 1047 3834 0
1174 3776 1209 3831 14
1221 3776 1369 3832 defluerent
1381 3777 1421 3832 Βι

326 3858 553 3931 pareflguratioue
573 3862 611 3917 M
634 3862 728 3931 (praei.
753 3863 787 3932 Q)
946 3864 980 3918 15
1001 3862 1163 3934 ostenderet]
1188 3865 1350 3934 exprimeret
1377 3863 1428 3921 GV

327 3946 361 4001 16
373 3961 436 4001 sexu
447 3946 485 4001 Μ
494 3948 582 4014 (sexus
596 3948 629 4017 Q)
745 3950 848 4020 singuli
861 3949 895 4013 B,
910 3950 1054 4019 asiugulis
1071 3949 1109 4005 Oo
1229 3950 1262 4004 17
1274 3953 1388 4021 apparet
1403 3951 1428 4007 0

326 4032 362 4086 ab
371 4033 490 4102 gratiam
506 4032 529 4088 0
677 4036 796 4090 muneris
808 4053 843 4091 ex
854 4051 952 4091 munus
969 4036 993 4092 G
1141 4035 1179 4092 23
1189 4037 1360 4106 euuugehum
1373 4034 1427 4107 EQ

326 4116 360 4171 24
372 4116 525 4173 adsumitur
536 4119 592 4174 BP
741 4122 776 4176 25
788 4121 937 4177 trioensimi
951 4111 1021 4187 Bm,
1034 4121 1191 4190 tregensimi
1206 4121 1237 4194 Q,
1250 4123 1386 4199 trigesiuy‘
1398 4121 1430 4177 Ε

328 4204 507 4274 sexagensimi
519 4204 573 4277 BQ
600 4201 601 4206 ’
688 4207 723 4263 26
735 4208 853 4263 lruotum
868 4207 895 4262 B
1012 4206 1158 4263 exuberant
1169 4207 1198 4263 Β
1310 4209 1462 4264 oemulatur

333 4287 398 4360 0¹9
488 4290 629 4349 adher
679 4314 681 4318 ·
718 4294 1020 4368 tiquodeuidQ)
1106 4294 1242 4351 ntehac*
1327 4293 1431 4351 adeod'

327 4377 362 4432 28
376 4379 408 4430 ut
419 4392 453 4432 ue
465 4377 584 4434 humana
600 4377 665 4436 out
676 4393 711 4434 ue
721 4397 742 4436 e.
755 4380 772 4435 1.
1239 4396 1244 4407 '
