3570 4936
339 351 402 418 718
732 351 878 410 Caecilii
901 353 1064 427 Cypriani

306 512 328 574 2
381 505 540 586 Quantum
570 527 642 574 uero
667 509 706 575 ad
731 528 856 578 causam
885 512 1055 580 infantium
1081 513 1226 595 pertinet,
1257 532 1332 599 ques
1357 513 1466 579 dixisti

337 611 422 676 intra
447 610 617 679 secundm
638 617 689 682 uel
711 618 840 683 tertium
866 617 950 683 diem
975 636 1068 701 qnam
1095 617 1163 682 neti
1190 618 1253 684 sint
1279 617 1465 684 constitutos

336 713 489 796 baptizari
518 734 579 784 non
603 723 741 802 opertere
765 725 798 788 et
823 721 1077 787 considerandam
1106 737 1173 786 esee
1203 720 1305 806 legem
1331 721 1465 787 circum·

338 818 464 884 cisienis
489 821 645 905 antiquae,
675 827 711 890 ut
734 828 818 892 intra
843 826 988 890 cunum
1014 824 1098 888 diem
1124 841 1198 888 eum
1223 826 1277 908 qui
1301 826 1392 891 natus
1417 826 1466 889 eet

338 921 562 1005 baptizandum
576 929 607 992 et
621 929 875 995 sanctificandum
898 943 960 993 non
973 929 1116 1010 putares:
1140 926 1232 1011 longe
1247 928 1334 994 aliud
1347 929 1380 994 in
1395 944 1488 993 con-e

339 1025 413 1091 cilio
432 1030 538 1094 nostro
559 1033 662 1098 uisum
677 1035 733 1098 eet.
756 1033 790 1097 in
804 1032 862 1096 huc
877 1031 961 1096 enim
976 1029 1057 1112 qnod
1073 1030 1108 1092 tn
1123 1030 1256 1110 putabas
1271 1051 1338 1118 esse
1352 1031 1468 1097 facien·

339 1129 417 1195 dum
445 1151 536 1199 neme
565 1136 727 1214 consensit,
760 1135 814 1200 sed
843 1133 983 1223 uniuersi
1012 1131 1119 1216 potius
1148 1131 1358 1200 iudicauimus
1386 1135 1467 1200 nulli

340 1232 504 1301 hominum
524 1241 598 1304 nete
617 1237 862 1305 misericordiam
877 1237 936 1302 Dei
952 1237 984 1301 et
998 1234 1136 1319 gratiam
1152 1234 1371 1320 denegandam.
1393 1257 1468 1302 nam

339 1355 414 1403 cum
435 1340 589 1407 Dominus
610 1343 644 1407 in
666 1341 828 1427 euangelio
850 1357 906 1405 suc
928 1340 1030 1405 dicat:
1058 1337 1175 1404 lilius
1201 1339 1368 1404 heminis
1395 1357 1468 1404 nen

339 1444 452 1509 uenit
481 1445 629 1512 enimes
658 1446 855 1511 huminum
883 1444 1046 1527 perdere
1072 1443 1138 1508 sed
1165 1443 1337 1521 saluere,
1368 1461 1502 1524 quan-re

200 1558 217 1578 ·’
338 1547 409 1612 tum
425 1548 458 1612 in
474 1547 562 1612 nobis
578 1550 634 1627 est,
658 1549 685 1613 si
699 1549 765 1613 fieri
786 1550 901 1631 petest,
922 1548 1009 1613 nulla
1024 1548 1129 1613 anima
1142 1545 1299 1631 perdenda
1312 1548 1369 1612 est.
1392 1545 1468 1627 quid

341 1649 426 1714 enim
447 1652 477 1716 ei
501 1651 588 1718 deest
611 1655 666 1735 qui
691 1653 786 1718 semel
807 1653 840 1718 in
863 1653 951 1717 utero
965 1652 1025 1718 Dei
1051 1650 1195 1716 manibus
1220 1649 1373 1715 formatus
1399 1649 1468 1713 est?

341 1752 431 1817 nobis
453 1754 537 1818 enim
559 1757 658 1836 adque
679 1756 777 1821 oculis
797 1756 911 1820 nestris
932 1756 1105 1821 secundum
1124 1753 1245 1819 diemm
1265 1752 1470 1818 saecularium

340 1872 468 1920 emaum
490 1855 627 1937 accipere
650 1857 704 1938 qui
723 1858 790 1922 nati
809 1859 883 1922 eunt
902 1857 1129 1923 incrementum
1153 1857 1309 1922 uidentur.
1332 1856 1468 1921 cetarum

342 1974 554 2039 quaecumque
567 1975 586 2021 a
599 1957 664 2022 Dec
683 1957 763 2023 fiunt
777 1958 837 2024 Dei
857 1958 985 2023 iacturis
1004 1959 1170 2024 maieetate
1184 1960 1217 2024 et
1230 1977 1320 2040 opere
1333 1958 1503 2042 perfectura

342 2061 425 2124 sunt.

312 2159 332 2221 8
385 2163 463 2226 Esse
477 2161 608 2243 denique
622 2161 704 2245 apud
719 2179 824 2226 omnes
839 2163 907 2227 siue
921 2161 1056 2227 infantes
1068 2161 1135 2225 siue
1146 2163 1277 2227 maiores
1288 2163 1364 2227 natu
1375 2180 1470 2226 unam

343 2263 444 2329 diuini
470 2265 608 2329 muneris
633 2265 852 2346 aequalitatem
879 2264 1017 2330 declarat
1039 2263 1128 2328 nubis
1152 2266 1325 2349 scripturae
1346 2263 1471 2328 diuinae

343 2365 430 2446 fides,
452 2386 523 2433 cum
539 2367 702 2433 Helisaeus
722 2387 814 2449 super
833 2367 986 2432 infantem
1007 2366 1121 2432 uiduae
1135 2368 1240 2432 filium
1259 2366 1313 2449 qui
1328 2368 1470 2431 mortuus

342 2468 466 2535 iacebat
487 2469 533 2534 ita
555 2489 589 2536 se
607 2470 708 2535 Deum
730 2471 896 2552 deprecans
918 2470 1136 2554 superstrauit,
1158 2473 1195 2534 ut
1209 2470 1305 2553 capiti
1326 2469 1419 2551 caput
1440 2472 1508 2534 etse

342 2572 435 2639 faciei
455 2573 552 2638 facies
572 2573 778 2655 adplicaretur
797 2574 830 2637 et
847 2571 1003 2654 superfusi
1016 2572 1158 2638 Helisaei
1179 2573 1319 2638 membra
1338 2571 1473 2655 singulis

348 2677 475 2758 paruuli
502 2676 652 2742 membris
677 2678 709 2741 et
733 2677 825 2757 pedes
855 2675 987 2757 pedibus
1016 2676 1230 2760 iungerentur.
1261 2694 1339 2757 quae
1367 2691 1416 2738 res
1445 2673 1473 2737 si

347 2779 517 2844 secundum
543 2779 719 2844 natiuitatis
741 2779 863 2843 nestrae
887 2780 919 2843 et
941 2770 1076 2860 corporis
1099 2777 1285 2859 qualitatem
1308 2776 1471 2859 cogitetur,

446 2982 463 3034 9
481 2980 543 3033 Luc
564 2983 590 3049 9,
607 2981 648 3036 56.

396 3152 557 3220 lquantum
627 3153 645 3206 1.
656 3157 686 3206 11
708 3150 840 3220 perdenda
860 3152 902 3204 eat
920 3152 979 3205 ecla
992 3151 1169 3220 Augseetimee
1185 3151 1290 3206 Contra
1306 3148 1378 3203 duas
1395 3149 1472 3216 epist.

345 3236 444 3306 Pelaq.
459 3236 507 3291 IV
517 3239 557 3291 23
648 3229 782 3290 infantum
798 3236 822 3292 0
831 3252 849 3290 u
862 3251 932 3290 corr.
1023 3235 1125 3290 2diem
1137 3235 1251 3289 tertium
1263 3234 1290 3288 L
1327 3227 1330 3232 ’
1381 3233 1471 3302 qnam]

345 3321 409 3376 dum
422 3339 502 3392 quam
519 3323 550 3386 V,
563 3339 614 3392 quc
626 3341 643 3379 c
655 3329 681 3377 et
692 3325 763 3392 Aug.
778 3328 871 3376 textus
956 3325 1021 3376 sunt
1035 3321 1063 3376 Β
1074 3328 1101 3375 et
1112 3322 1185 3390 Aug.
1278 3321 1296 3374 4
1308 3321 1435 3388 antiquae
1446 3317 1474 3372 Β

345 3410 497 3477 acturae,
510 3408 822 3479 antiquaM(antiquae
836 3407 870 3478 Q)
975 3406 1096 3475 tlcnge]
1109 3405 1212 3475 aliquid
1227 3404 1251 3460 0
1344 3404 1472 3474 duleum]

346 3494 573 3548 omnibusuiaum
589 3494 749 3565 chtalaq.
880 3493 1060 3563 tuomaluq.
1193 3492 1355 3545 lconsentit
1366 3491 1402 3554 P,
1414 3504 1473 3543 con·

344 3581 427 3635 cessit
442 3580 466 3636 0
549 3580 698 3635 iudicamus
714 3581 770 3636 0¹0
859 3579 1021 3634 8h0minic
1112 3576 1291 3631 misericordie
1302 3576 1345 3630 dei
1357 3575 1473 3645 gratiam

346 3666 418 3737 Aeg.
537 3665 571 3719 10
582 3666 720 3721 huminum
732 3682 781 3719 care
799 3665 849 3721 CR
861 3671 887 3719 et
898 3665 969 3735 Aug.
1082 3664 1130 3717 aed
1142 3664 1247 3718 salutare
1258 3661 1343 3717 Rsed
1355 3662 1432 3715 salua
1443 3662 1475 3715 ise

346 3768 414 3820 rua,
426 3768 477 3806 oen.
494 3751 517 3807 0
596 3753 629 3806 11
642 3752 675 3822 si]
688 3750 796 3806 sicutC
874 3751 973 3821 anima]
986 3751 1113 3804 innocens
1125 3749 1190 3803 add.
1207 3749 1231 3805 0
1306 3747 1339 3802 12
1351 3745 1475 3800 manibus

346 3835 431 3908 deiQ
542 3839 697 3893 numereris
709 3837 736 3892 L
849 3836 883 3891 18
894 3836 1001 3890 declara
1012 3836 1040 3890 R
1144 3835 1252 3889 diuinae
1265 3833 1441 3902 scripturacc

348 3924 382 3977 19
394 3940 455 3978 cum
467 3939 547 3978 cruc
657 3925 754 3979 eliscus
765 3922 820 3993 ΡΟ
930 3922 1034 3977 infante
1050 3920 1084 3976 0²
1193 3920 1292 3973 uiduae
1309 3916 1388 3974 and
1400 3932 1431 3970 ac
1441 3917 1475 3970 ise

345 4026 413 4079 rua,
426 4011 564 4064 samnitia
580 4012 608 4066 V
682 4011 718 4065 20
729 4011 769 4064 ita
780 4026 809 4064 ee
822 4026 871 4064 oca
887 4010 916 4063 P
992 4009 1074 4077 caput
1086 4023 1120 4062 eu
1131 4006 1202 4076 apud
1219 4006 1243 4062 0
1314 4002 1438 4058 a1feciei
1453 4001 1478 4057 0

345 4095 394 4150 ced
406 4097 431 4150 ei
442 4098 475 4150 in
486 4112 551 4165 raa,
564 4097 633 4152 facie
645 4096 672 4151 L
762 4096 911 4167 applicaret
923 4094 950 4149 Β
1041 4093 1183 4163 superfusa
1195 4091 1245 4148 ΟΒ
1328 4088 1426 4143 aelisaa
1439 4087 1474 4152 L,

345 4181 424 4235 elisei
436 4181 490 4252 Pq
609 4183 710 4254 singuli
722 4183 749 4237 L
878 4182 914 4236 22
924 4180 1046 4251 pernulis
1061 4182 1094 4234 0¹
1214 4176 1390 4247 iungerentur
1405 4174 1440 4230 0¹

344 4267 380 4323 23
393 4269 565 4340 qualitatem]
578 4270 829 4340 inaequalitatemc
933 4269 1069 4340 cogitatur
1085 4266 1109 4322 0
