3570 4936
312 333 374 400 798
567 346 570 353 “
707 331 856 389 Caecilii
879 331 1043 403 cypriani

312 490 376 557 ruri
390 510 409 556 e
424 509 457 556 se
472 493 503 556 et
518 492 618 558 diuidi
639 493 763 558 omnino
785 512 847 560 non
867 492 988 578 possint
1002 489 1159 574 baptismo
1173 487 1205 551 et
1220 487 1358 565 ecclesie,
1381 489 1435 571 qui

311 610 459 674 occupare
484 595 640 677 baptisma
660 595 744 679 prior
766 598 869 682 potuit
888 599 920 663 et
940 594 1104 661 ecclesium
1126 588 1242 671 pariter
1262 590 1435 673 occupauit,

313 700 345 764 et
359 699 471 782 incipis
486 700 522 764 tu
536 698 586 764 illi
606 700 777 768 haereticus
799 702 900 769 uideri
920 699 974 783 qni
994 694 1180 780 praeuentus
1199 695 1350 776 posterior
1370 711 1436 758 esse

312 801 450 883 coepisti,
474 803 528 886 qni
551 805 683 871 cedendo
699 827 736 874 cc
749 825 861 872 munus
883 803 983 870 dnndo
1005 801 1056 866 ius
1075 795 1158 880 qnod
1181 815 1340 882 acceperas
1362 797 1436 862 reli·

311 905 417 988 quisti.
445 926 539 990 quem
563 911 771 993 periculosum
796 912 839 977 sit
864 908 969 975 eutem
991 905 1024 969 in
1047 901 1165 968 diuinis
1189 900 1281 966 rebus
1306 902 1343 965 ut
1366 900 1457 983 quise

310 1009 399 1074 cedet
423 1010 491 1076 iure
516 1030 571 1077 suo
592 1016 625 1079 et
644 1016 797 1099 potestate
823 1012 976 1094 scripturo
1001 1008 1109 1075 sancte
1133 1005 1281 1083 declaret,
1306 1023 1379 1069 cum
1403 1003 1437 1069 in

312 1109 425 1180 Genesi
439 1116 523 1182 Esou
542 1118 696 1200 prirnstus
716 1135 788 1183 suos
809 1117 881 1181 inde
896 1113 1067 1198 perdiderit
1080 1128 1137 1175 nec
1151 1110 1286 1191 recipere
1300 1106 1333 1172 id
1348 1109 1435 1191 post·
1474 1160 1477 1167 ,

311 1217 440 1285 modum
453 1221 590 1303 potuerit
604 1223 685 1306 qnod
700 1220 796 1287 semel
811 1219 913 1284 cessit.

258 1323 301 1386 16
352 1321 438 1387 Haec
448 1323 508 1388 tibi
523 1324 668 1391 breuibus
681 1343 735 1408 pro
746 1311 857 1389 nostre*
867 1319 1082 1387 mediocritate
1097 1315 1324 1398 rescripsimus,
1339 1313 1436 1378 freter

311 1423 480 1505 uerissime,
502 1429 619 1493 nemini
640 1427 882 1510 praescribentes
905 1425 961 1490 eut
981 1421 1230 1504 pmeiudicentes
1250 1435 1310 1501 quo
1331 1415 1434 1482 minus
1447 1439 1470 1476 ro

310 1529 521 1612 unusquisqne
543 1531 755 1615 episcoporum
778 1529 861 1613 quod
882 1528 975 1611 putet
989 1526 1093 1608 faciet,
1116 1523 1232 1588 habens
1247 1519 1372 1587 arbitrii
1386 1519 1435 1584 sni

310 1629 443 1697 liberam
457 1635 653 1714 potestatem.
670 1652 734 1713 nos,
751 1635 902 1716 quantum
913 1633 946 1696 in
956 1629 1046 1696 nobis
1057 1630 1113 1706 est
1128 1628 1254 1711 propter
1264 1623 1435 1690 haereticos

310 1749 381 1797 cum
397 1734 525 1818 collegis
540 1738 573 1799 et
586 1737 771 1818 coepiscopis
785 1736 900 1801 nostris
914 1755 975 1800 non
990 1731 1215 1810 contendimus,
1236 1748 1307 1794 cum
1322 1726 1436 1810 quibus

312 1830 452 1898 diuinam
469 1833 662 1899 concordiem
677 1838 709 1899 et
723 1834 910 1899 dominicam
924 1852 1032 1915 pacem
1047 1833 1200 1911 tenemus,
1216 1833 1350 1899 menime
1365 1850 1436 1897 cum

312 1936 344 1999 et
365 1935 523 2016 apostolus
546 1936 644 2001 dicet:
673 1937 705 2001 si
728 1936 813 2018 quis
836 1940 965 2001 eutem
988 1936 1193 2018 putauerit
1218 1935 1470 2001 contentio-n

310 2055 375 2102 sus
408 2057 507 2117 esse,
544 2057 609 2103 nos
643 2040 759 2105 telem
793 2040 1112 2104 consuetudinem
1148 2058 1220 2104 non
1252 2038 1436 2102 hebemus

310 2157 433 2222 neque
462 2142 629 2226 ecclesie
651 2143 730 2208 Dei.
761 2145 904 2206 seruatur
928 2159 947 2205 s
971 2143 1061 2207 nobis
1083 2141 1239 2223 patienter
1267 2144 1300 2206 et
1323 2141 1436 2207 leniter

310 2243 424 2308 coritas
434 2245 541 2329 animi,
558 2246 682 2330 collegii
693 2247 798 2322 honor,
815 2244 976 2309 uinculum
988 2243 1071 2321 fidei,
1087 2244 1248 2309 concordia
1259 2242 1433 2309 sacerdotii.

311 2347 437 2429 propter
462 2348 521 2414 hoc
545 2349 639 2413 etiarn
664 2348 810 2414 libellum
831 2365 913 2412 nunc
933 2346 971 2411 de
992 2347 1071 2411 bono
1092 2346 1261 2428 patientiae
1283 2348 1434 2429 quonium

415 2575 480 2630 151
498 2574 555 2631 Cor.
575 2577 616 2642 11,
634 2579 675 2633 16.

361 2788 377 2841 1
390 2803 447 2841 sse
460 2804 509 2842 ont
523 2788 546 2843 0
635 2790 721 2844 diuidi
733 2790 760 2844 L
772 2789 832 2845 dis.
846 2791 864 2845 1.
954 2790 1062 2844 omnino
1075 2805 1125 2844 om.
1138 2790 1167 2843 Β
1252 2792 1364 2857 possunt
1376 2787 1403 2842 Β

304 2879 370 2942 post
387 2873 525 2943 baptismo
535 2877 649 2943 repetit:
666 2875 712 2930 scd
723 2876 879 2944 occupantis
892 2915 899 2928 .
911 2917 917 2927 .
928 2914 934 2925 .
947 2877 1054 2930 omnino
1209 2875 1267 2944 qui]
1279 2873 1304 2928 si
1316 2874 1369 2930 Co.
1383 2873 1401 2926 1.

308 2959 326 3013 2
337 2959 409 3027 prior
420 2959 557 3030 baptismo
568 2960 591 3015 0
686 2965 715 3015 et
726 2977 776 3016 ocu
790 2961 818 3015 Β
920 2961 938 3015 3
949 2962 1057 3032 incipis]
1070 2961 1132 3017 inde
1144 2961 1258 3029 coepisti
1271 2959 1336 3016 Ode
1348 2975 1370 3014 c.
1382 2960 1400 3014 1.

308 3046 342 3098 tn
353 3044 440 3100 omo
540 3045 626 3100 uideri
638 3048 704 3116 quis
715 3064 750 3101 cx
762 3047 853 3102 uidere
865 3047 948 3116 quic
1053 3049 1071 3102 4
1082 3046 1231 3116 reliquisti]
1245 3045 1363 3100 emisisti
1374 3045 1403 3099 Β
1476 3104 1479 3111 ,

308 3128 376 3184 bsit
388 3129 415 3184 L
425 3146 447 3185 s.
460 3130 477 3184 t
489 3147 524 3184 m.
536 3134 563 3199 2,
576 3131 613 3186 sit
628 3133 674 3186 Tt
686 3148 706 3184 s.
719 3133 736 3186 1.
835 3133 918 3188 binni
930 3132 966 3188 0²
1069 3132 1249 3202 potestatisC
1342 3130 1437 3185 scribi·

310 3214 408 3270 turae
526 3204 645 3271 decisret
656 3201 716 3271 sc's‘
713 3217 748 3281 L,
760 3217 878 3272 deelsrnt
890 3218 917 3273 P
1032 3235 1093 3272 cnm
1106 3234 1168 3287 exp.
1181 3205 1214 3285 c,'
1223 3235 1243 3273 e
1257 3216 1275 3271 1.
1288 3217 1353 3271 add.
1367 3217 1437 3286 quod

309 3306 375 3356 certe
387 3317 450 3356 esen
547 3303 704 3372 iprimetos
716 3303 744 3357 B
837 3302 956 3373 perdidit
968 3302 1081 3359 BLNP
1175 3303 1204 3357 id
1216 3320 1277 3373 exp.
1290 3302 1319 3368 0,
1332 3303 1361 3356 in
1374 3303 1403 3356 Β

308 3389 327 3443 8
338 3403 391 3456 quo
405 3388 432 3443 Β
509 3388 578 3458 qnod
590 3404 610 3444 s.
624 3389 705 3443 cessit
717 3405 766 3443 oon
781 3388 803 3444 O
879 3389 895 3443 9
907 3389 973 3443 hoec
983 3389 1037 3444 tibi
1050 3430 1057 3442 .
1068 3430 1074 3442 .
1086 3432 1092 3443 .
1102 3406 1132 3458 p.
1146 3392 1228 3457 799ss
1239 3389 1437 3444 nmsnbimne

309 3473 368 3528 cub
381 3475 455 3545 Aup.
473 3475 491 3531 1.
503 3491 525 3529 c.
539 3473 614 3530 1111
625 3481 666 3543 11,
689 3475 714 3530 V
728 3478 776 3543 22,
797 3475 843 3529 VI
850 3477 887 3529 10
904 3481 929 3529 ct
941 3475 1128 3546 Hieronymus
1139 3475 1214 3530 Aac
1229 3473 1353 3540 Lucifer.
1368 3490 1435 3545 pap.

201 3583 204 3588 ·
309 3562 366 3614 305
456 3561 584 3615 breuibus
597 3562 681 3616 Tbus
689 3564 722 3616 in
733 3577 798 3631 roc,
811 3560 930 3615 breuiter
942 3561 1009 3616 CNo
1022 3564 1073 3629 (ter
1084 3562 1150 3618 Cin
1161 3565 1226 3627 rus.)
1238 3563 1307 3631 Aup.
1321 3560 1401 3614 Hier.
1423 3583 1426 3590 ·

310 3644 466 3714 scripsimus
478 3647 556 3700 Hier.
658 3647 752 3718 beten]
765 3664 813 3717 pro
824 3649 920 3703 timore
932 3633 962 3702 ff
969 3647 997 3701 Β
1100 3648 1134 3701 10
1144 3647 1336 3717 perscribentes
1348 3644 1405 3700 ΒΤ

310 3733 344 3786 11
356 3731 505 3801 episcorum
520 3733 546 3788 Τ
678 3736 744 3803 quot
756 3734 782 3788 P
918 3733 1091 3803 putaueritG
1228 3732 1325 3787 arbitri
1338 3731 1402 3786 ΡΤι

311 3817 470 3873 muneram
484 3819 511 3874 L
521 3835 542 3874 e.
556 3820 573 3873 1.
584 3822 651 3875 ned
771 3819 940 3891 potestatem]
955 3819 1116 3874 facultatem
1129 3819 1152 3875 O
1269 3819 1305 3874 14
1315 3817 1437 3872 dininem
1470 3862 1472 3868 .

308 3918 359 3958 om.
371 3905 445 3975 Aup.
462 3905 534 3960 1¹22
618 3904 784 3961 concordiem
795 3906 882 3962 om.G
971 3907 1006 3961 15
1017 3910 1046 3959 et
1056 3922 1106 3961 ocu
1120 3906 1148 3961 P
1158 3905 1239 3961 Her.
1324 3906 1437 3976 putatur

309 3988 348 4044 Co
360 3990 509 4058 (putruerit
520 3991 594 4061 Assy.
606 3998 632 4046 et
643 3993 736 4060 Hier.)
805 3992 907 4047 lecese
920 4008 969 4047 osc
983 3991 1007 4047 0
1075 3992 1108 4046 17
1120 4008 1168 4047 nec
1179 3991 1259 4047 Hier.
1327 3991 1435 4062 leniter]

308 4072 424 4129 firmiter
436 4092 471 4130 cc
483 4076 553 4130 inter
565 4076 587 4132 0
597 4078 704 4145 (leniter
715 4079 788 4149 Assy.
801 4085 826 4134 et
838 4080 930 4146 Hier.)
1075 4079 1109 4133 18
1121 4077 1232 4148 collegit
1242 4078 1281 4144 L,
1290 4093 1371 4147 quem
1382 4078 1437 4133 col·

308 4159 376 4228 legii
391 4159 505 4230 ansm
517 4177 538 4216 e.
551 4163 568 4216 t
656 4165 685 4217 et
695 4163 834 4219 uinculum
846 4164 908 4219 fidei
922 4164 983 4219 Tet
994 4179 1016 4218 c.
1029 4165 1056 4233 t,
1069 4164 1221 4220 dilectionis
1232 4164 1369 4220 uinculum
1381 4163 1405 4219 0

308 4246 338 4298 et
349 4246 599 4302 enorum-Tereo
610 4251 637 4303 et
648 4265 671 4305 e.
682 4250 700 4303 1.
716 4249 742 4303 Τ
843 4252 876 4312 19
887 4266 956 4305 nunc
970 4265 1020 4305 orn
1033 4250 1107 4322 Aoo.
1124 4249 1198 4308 1⁷22
