3570 4936
317 284 382 353 696
716 278 864 338 ceseilii
880 279 1042 352 Cyprieni

314 435 491 506 summotus
505 433 616 500 Daniel
629 436 737 504 extitit
749 436 783 504 in
798 437 864 504 suis
878 438 1034 519 laudibus,
1047 438 1122 522 quie
1136 439 1191 521 qui
1204 438 1344 507 leonibus
1358 437 1439 505 mis-
1516 425 1520 434 ’

314 559 368 607 sus
382 538 485 604 fueret
498 536 537 602 ed
552 539 707 622 preednm,
724 541 883 625 protectus
897 561 917 608 e
930 542 1063 608 Domino
1078 540 1160 606 uixit
1179 542 1219 608 ed
1239 543 1382 629 glorium
1404 541 1439 607 in

319 639 543 708 ooniessorihus
558 639 674 709 Christi
698 644 798 712 dilete
821 645 973 729 mertyrie
992 661 1052 708 non
1073 642 1221 710 meritum
1240 642 1439 712 oenfessionis

317 744 480 823 minuunt,
501 743 556 810 sed
574 747 731 831 megnelie
752 747 876 814 diuinee
901 744 1101 830 protectionis
1122 747 1296 814 ostendunt.
1318 765 1438 830 reprae-

315 848 474 915 sentetnm
488 847 631 916 uidemus
646 850 680 917 in
694 852 784 918 uobis
799 851 881 934 quod
895 850 977 933 epud
991 865 1106 937 regem
1116 847 1211 916 fortes
1230 851 1328 935 edqne
1351 850 1459 917 inlu-s

316 953 396 1019 stres
420 952 509 1034 pueri
534 953 796 1035 preedioeuernnt,
822 954 906 1036 ipsos
932 951 1057 1036 quidem
1083 953 1206 1036 paretes
1235 972 1302 1021 esso
1330 955 1438 1041 erdere

314 1055 461 1136 mmmm,
481 1075 520 1123 ne
534 1057 595 1124 diis
614 1058 681 1125 eius
701 1057 854 1124 seruirent
874 1058 930 1122 ent
941 1055 1112 1139 imaginem
1126 1073 1220 1136 quem
1234 1056 1349 1124 ieoeret
1362 1058 1439 1124 edo-

184 1229 194 1236 ,
316 1160 431 1239 terent,
457 1159 560 1227 Deum
584 1163 689 1227 temen
714 1179 807 1244 quern
832 1158 974 1224 oolebent
998 1175 1151 1241 quemque
1174 1160 1206 1224 et
1226 1178 1281 1226 nos
1306 1161 1437 1226 oolimus

314 1263 473 1349 potentem
489 1282 556 1329 esse
569 1266 606 1329 nt
620 1281 696 1347 qnos
711 1264 750 1330 de
764 1261 886 1329 oemino
900 1260 983 1346 ignis
998 1260 1146 1326 eximeret
1161 1260 1245 1326 etde
1264 1263 1347 1347 regie
1368 1281 1437 1327 rne-

314 1365 407 1433 nibus
431 1386 469 1434 ee
494 1367 532 1433 de
557 1367 662 1450 poenis
683 1364 902 1451 >praesentibus
922 1364 1079 1430 libereret
1101 1355 1183 1450 ¹quod
1204 1362 1380 1429 innenimus
1402 1364 1473 1433 inre

315 1463 514 1537 ooniessionis
534 1470 655 1536 uestree
670 1469 730 1535 hdo
744 1471 777 1535 et
790 1468 824 1533 in
837 1467 965 1533 Domini
979 1467 1061 1533 oiroe
1074 1485 1130 1533 uos
1150 1465 1338 1549 protectione
1357 1477 1439 1532 nune

314 1574 450 1661 gestum,
473 1575 510 1638 ut
529 1592 600 1639 oum
620 1591 676 1639 uos
690 1572 792 1656 pereti
807 1571 931 1638 fueritis
946 1574 979 1639 et
992 1572 1128 1656 prompti
1143 1589 1234 1638 omne
1247 1570 1351 1634 subire
1364 1588 1440 1652 sup·

313 1676 455 1761 plioium,
481 1676 633 1742 Dominus
659 1678 763 1743 temen
789 1694 846 1741 uos
871 1695 986 1759 poenee
1010 1674 1207 1741 subtraheret
1231 1675 1264 1738 et
1288 1673 1435 1740 eoelesiee

313 1779 495 1844 resumeret
511 1777 757 1861 regredientibus
772 1777 861 1842 nohis
875 1778 1015 1843 breuiete
1028 1797 1090 1844 non
1104 1780 1153 1844 est
1167 1778 1201 1843 in
1215 1777 1355 1861 episcopo
1366 1794 1440 1842 eon·

314 1877 458 1945 fessionis
479 1896 551 1943 suee
570 1878 718 1962 dignitas,
740 1879 795 1944 sed
814 1880 916 1964 magis
931 1881 1029 1946 ereuit
1043 1880 1243 1947 seoerdotnlis
1257 1880 1436 1958 auotoritas,
1447 1904 1472 1944 ιι

313 1982 351 2046 nt
365 1980 460 2046 elteri
474 1979 533 2044 Dei
547 1979 679 2066 edsistet
693 1981 825 2046 antistes
839 1981 893 2063 qui
907 1983 947 2046 ed
961 1982 1160 2048 ooniessionis
1181 2002 1269 2049 erme
1288 1981 1440 2049 sumendo

314 2085 348 2149 ot
361 2080 503 2148 subiende
517 2082 668 2164 mertyn‘e
680 2100 742 2148 non
756 2082 861 2147 uerbis
880 2082 1003 2166 plebem
1023 2083 1078 2148 sed
1098 2082 1191 2150 ieetis
1210 2084 1386 2150 cohortetur
1407 2085 1440 2149 et

314 2183 487 2252 inminente
501 2184 685 2250 antichristo
699 2187 787 2266 peret
801 2183 840 2249 ed
854 2186 1007 2267 proelium
1021 2185 1141 2252 milites
1157 2204 1218 2252 non
1232 2186 1297 2252 solo
1318 2203 1436 2252 sermo-

313 2288 364 2353 nis
378 2288 412 2352 et
425 2287 510 2352 noeis
523 2286 722 2352 ineitemento
737 2286 791 2352 sed
805 2285 878 2352 fidei
893 2288 925 2351 et
939 2286 1070 2353 uirtutis
1085 2288 1233 2370 exemplo.

285 2400 306 2464 e
358 2389 592 2475 Intellegimus,
608 2388 884 2471 bateresheim,
905 2391 938 2455 et
958 2390 1024 2455 tote
1043 2391 1145 2456 oordis
1166 2390 1265 2456 nostri
1284 2390 1352 2456 luee
1366 2410 1437 2473 per-
1447 2416 1474 2458 n

314 2493 464 2580 spieimus
476 2491 599 2557 diuinee
611 2491 785 2559 meiestetis
796 2492 946 2557 seluterie
957 2493 990 2558 et
1002 2494 1112 2559 senete
1126 2493 1265 2573 consite,
1279 2493 1361 2560 unde
1371 2492 1440 2559 illie

314 2595 477 2680 repentine
504 2594 677 2680 persecutio
703 2614 802 2680 nuper
826 2597 932 2661 exorte
958 2594 1010 2673 sit,
1036 2595 1118 2660 unde
1143 2597 1251 2662 oontre
1275 2595 1437 2662 eoelesiern
1483 2617 1492 2634 ⁸

315 2697 433 2765 (ihristi
447 2700 479 2764 et
494 2699 671 2783 episeopum
685 2697 861 2765 Cornelium
880 2698 1008 2764 beetnm
1022 2700 1193 2782 mertyrem
1207 2715 1325 2789 uosque·
1333 2716 1439 2765 ornnes

316 2800 484 2869 sustuleris
498 2802 634 2883 potestus
648 2801 752 2868 subito
766 2800 950 2886 proruperit,
971 2801 1008 2867 ut
1027 2800 1069 2867 ed
1088 2799 1316 2867 oonfundendoe
1330 2801 1439 2868 heere·

317 2903 396 2970 tieos
420 2905 453 2969 et
478 2904 683 2970 retundendos
709 2903 885 2971 ostenderet
908 2902 1060 2994 Dominus
1086 2921 1165 2986 quoe
1191 2905 1272 2968 esset
1291 2903 1473 2984 eeclesias

315 3006 386 3091 quis
405 3006 565 3090 episeopus
587 3007 653 3071 eins
676 3026 756 3072 unus
778 3005 887 3071 diuine
908 3006 1101 3104 ordinetione
1120 3005 1270 3084 deleotus,
1290 3006 1344 3088 qui
1365 3024 1437 3071 oum

366 3347 385 3402 4
396 3347 453 3418 sed]
466 3350 494 3401 et
504 3348 536 3402 F
645 3345 897 3416 repraesentendum
908 3345 939 3401 F
1055 3346 1072 3399 5
1083 3361 1160 3414 reges
1176 3344 1200 3416 Q
1319 3345 1334 3397 7
1347 3359 1440 3414 qnem-

316 3449 397 3504 quem
413 3434 448 3488 Τ
522 3433 640 3487 ieoerent
651 3433 690 3487 11¹
699 3432 723 3502 Q
790 3430 898 3500 8quern
909 3433 1000 3485 temen
1016 3430 1069 3500 QT
1135 3430 1275 3500 quemque]
1288 3444 1367 3499 quem
1382 3429 1409 3482 V

316 3519 435 3575 oolnmns
447 3521 486 3575 Β·
494 3520 529 3574 T·
653 3519 670 3573 9
682 3534 748 3587 quoe
760 3517 795 3581 F,
808 3532 853 3570 eos
865 3516 989 3586 LPQTo
1103 3514 1239 3585 eximeret]
1252 3513 1352 3570 Mede
1363 3513 1441 3570 deest

316 3604 598 3673 totumfobume'eed’
715 3603 905 3674 11noetreeQ
1017 3585 1119 3671 dan
1239 3600 1441 3654 lhomned'ne

315 3693 349 3748 ise
358 3706 424 3760 rue,
440 3707 544 3746 omnem
560 3690 584 3762 Q
730 3689 891 3759 subplitinrn
907 3691 932 3745 Τ
1077 3687 1214 3742 rhombis
1225 3685 1260 3739 Μ
1271 3685 1357 3754 (nohis
1371 3684 1405 3756 Q)

318 3776 444 3833 brehiete'
457 3776 481 3848 Q
587 3777 620 3832 16
631 3777 713 3831 elteri
726 3777 753 3831 t
855 3774 911 3846 dei]
922 3761 958 3830 ds
967 3774 1019 3844 DQ
1122 3771 1262 3826 menete
1275 3770 1306 3842 Q
1324 3769 1440 3826 enteetis

319 3880 354 3919 a
365 3865 478 3920 ettestes
494 3865 519 3920 T
635 3864 668 3918 17
680 3864 814 3918 eoortetur
824 3861 852 3916 P
965 3861 999 3916 18
1010 3859 1067 3914 eolo
1079 3857 1221 3923 ΜΡΝ,
1234 3857 1319 3912 solnm
1332 3855 1414 3954 Ου’γ

316 3949 530 4005 eerrnonisedL
610 3948 850 4020 19sedlsedetV
926 3942 1270 4011 euhemerum
1345 3923 1445 3996 hmrh'

317 4036 440 4091 ituree.
543 4036 679 4107 nostrisQ
784 4032 1098 4104 DierborteQ,orteT
1204 4025 1409 4083 ueremur

316 4137 416 4193 uosque
427 4123 456 4177 L
556 4122 642 4177 omnis
655 4121 758 4192 LQY2,
770 4136 874 4175 omnem
889 4121 925 4175 1·Ι
1031 4114 1406 4173 temulentissime.

316 4207 460 4279 potestises
471 4209 510 4264 Μ
519 4210 650 4279 (potestus
666 4207 700 4278 Q)
802 4206 837 4261 26
849 4204 968 4260 deiectus
984 4206 1009 4262 T
1109 4204 1171 4274 quir
1184 4203 1209 4275 Q
1404 4225 1408 4235 ·
