3570 4936
326 319 391 385 664
733 314 879 402 Caecilii
896 315 1060 387 Cypriani

324 468 413 538 nobis
428 469 578 536 indicitur
591 469 652 535 Dei
666 472 768 538 castra
781 473 957 558 procedant.
973 474 1135 540 armentur
1149 473 1275 561 integri,
1289 494 1329 541 ne
1343 473 1453 558 perdat

323 574 447 658 integer
461 571 543 656 quod
557 591 653 654 nuper
667 574 765 642 stetit.
781 578 939 643 minentur
953 579 984 642 et
999 576 1088 658 lapsi,
1104 577 1141 640 ut
1155 578 1188 642 et
1202 578 1309 664 lapsus
1323 577 1451 662 recipiat

320 675 409 776 cuod
430 675 547 741 amisit.
569 676 706 764 integros
721 678 834 758 bonor,
855 683 958 765 lapsos
972 679 1060 745 dolor
1074 678 1114 744 ad
1128 680 1281 763 proelium
1295 683 1448 766 prouocet.

322 778 439 845 armari
455 781 487 844 et
502 781 603 862 parari
619 799 673 846 nos
687 781 795 850 beatus
809 782 966 867 apostolus
981 781 1070 849 docet
1084 782 1205 849 dicens:
1227 805 1301 852 non
1316 786 1375 850 est
1388 804 1449 850 no-

322 883 387 949 bis
409 883 657 951 conluctatio
679 888 864 953 aduersus
887 905 1038 953 carnem
1061 886 1099 950 et
1121 889 1359 972 sanguinem,
1381 889 1479 956 sods

236 1062 246 1072 .,
325 986 516 1054 aduersus
549 990 773 1072 potestates
806 989 1072 1073 et'principes
1103 987 1221 1055 huius
1252 991 1383 1059 mundi
1412 994 1450 1057 et

324 1089 461 1157 barum
483 1093 748 1171 tenebrarum,
777 1093 964 1159 aduersus
991 1090 1162 1172 spiritns
1184 1095 1387 1175 nequitiae
1409 1096 1449 1161 in

327 1196 586 1263 caelestibus.
624 1199 783 1281 propter
815 1196 913 1280 quod
951 1194 1108 1260 induite
1139 1197 1224 1262 tcta
1255 1216 1376 1276 arma,
1410 1202 1454 1265 ut

326 1300 497 1384 possitis
518 1301 705 1367 resistere
726 1300 765 1366 in
787 1300 848 1365 die
869 1299 1126 1383 nequissimo,
1156 1302 1199 1366 ut
1221 1318 1305 1365 cum
1326 1304 1454 1367 omnia

324 1403 582 1485 perfeceritis
604 1405 722 1469 stetis
743 1403 917 1470 adcincti
938 1401 1093 1468 lumbos
1116 1404 1270 1467 uestros
1293 1402 1332 1468 in
1353 1405 1490 1469 ueri-1⁰

326 1505 426 1585 tate,
457 1505 592 1599 induti
619 1506 781 1572 loricam
808 1507 997 1574 iustitiae
1025 1509 1066 1571 et
1086 1505 1255 1573 calciati
1277 1507 1393 1591 pedes
1414 1507 1453 1572 in

327 1610 633 1692 praeparatione
654 1610 765 1693 pacis
787 1602 1004 1694 euangelii,
1030 1607 1282 1675 adsumentes
1304 1611 1460 1679 scutum.

327 1708 442 1792 fidei,
465 1713 597 1796 inquo
628 1714 795 1797 possitis
825 1714 954 1780 omnia
982 1712 1113 1798 ignita
1142 1713 1275 1780 iacula
1301 1712 1457 1795 nequis-

327 1813 417 1880 simi
433 1815 670 1898 extinguere
685 1817 722 1880 et
742 1817 892 1900 galeam
914 1815 1061 1881 salutis
1083 1818 1127 1903 et
1141 1816 1315 1901 gladium
1338 1815 1458 1899 spiri·

330 1918 412 1994 tus,
437 1916 504 1999 qui
527 1918 586 1981 est
607 1935 731 1982 sermo
752 1919 833 1983 Dei.
1470 1940 1494 1984 rs

298 2025 319 2088 t
380 2019 467 2085 Haec
481 2038 568 2083 arma
582 2037 750 2096 sumamus,
765 2020 815 2085 his
829 2037 885 2084 nos
899 2021 1085 2086 tutamentis
1105 2021 1301 2103 spiritalibus
1316 2023 1348 2086 et
1362 2021 1461 2087 caele·

329 2122 430 2187 stibus
451 2121 637 2200 muniamus,
662 2124 698 2187 ut
713 2122 746 2185 in
762 2123 812 2188 die
826 2123 1014 2204 nequissimo
1030 2123 1172 2188 resistcre
1187 2123 1304 2189 diaboli
1318 2123 1411 2188 minis
1426 2124 1458 2207 et

329 2243 500 2310 repugnare
510 2225 673 2306 possimus
690 2223 854 2290 induamus
865 2225 994 2291 loricam
1005 2208 1155 2302 iustitiae,
1168 2227 1205 2289 nt
1217 2227 1322 2290 contra
1333 2224 1454 2289 inimici

330 2328 431 2395 iacula
444 2329 601 2393 munitum
613 2327 656 2393 sit
670 2328 778 2410 pectus
793 2329 825 2394 et
838 2330 953 2394 tutum.
978 2326 1101 2393 caciati
1116 2326 1180 2393 sint
1195 2326 1372 2412 euangelico
1386 2309 1454 2392 ma·

332 2431 460 2515 gislerio
473 2431 506 2496 et
520 2431 634 2496 armati
648 2430 752 2513 pedes,
766 2431 803 2495 ut
817 2449 888 2496 cum
903 2448 1026 2512 serpens
1048 2429 1161 2494 calcari
1176 2449 1195 2494 a
1208 2428 1298 2495 nobis
1313 2430 1345 2494 et
1355 2428 1454 2493 obteri
1468 2450 1495 2492 sc

333 2535 482 2616 coeperit,
507 2534 645 2599 mordere
664 2534 696 2599 et
722 2532 919 2616 subplantare
941 2550 1002 2597 non
1022 2533 1130 2613 possit.
1152 2532 1311 2615 portemus
1336 2530 1460 2598 fortiter

245 2714 250 2726 ‚
332 2639 456 2703 scutum
478 2636 567 2713 fidei,
589 2653 649 2720 quo
668 2637 848 2721 protegente
868 2633 1019 2718 quidquid
1033 2632 1187 2699 iaculatur
1201 2633 1347 2700 inimicus
1360 2635 1460 2716 possit

333 2740 482 2825 extingui.
498 2739 686 2821 accipiamus
701 2755 820 2823 quoque
831 2738 871 2804 ad
881 2738 1098 2821 tegumentum
1111 2737 1222 2820 capitis
1232 2739 1354 2822 galeam
1367 2738 1461 2820 spiri-

335 2843 442 2920 talem,
460 2844 497 2908 ut
511 2843 694 2907 muniantur
707 2859 807 2920 aures,
822 2859 860 2906 ns
874 2839 1004 2907 audiant
1018 2840 1120 2905 edicta
1133 2839 1259 2922 foralia,
1283 2840 1463 2905 muniantur

335 2946 429 3020 oculi,
441 2964 480 3010 ne
491 2944 620 3010 uideant
631 2943 810 3010 detestanda
820 2943 996 3023 simulacra,
1011 2942 1171 3008 muniatur
1181 2942 1275 3020 frons,
1290 2942 1328 3006 ut
1338 2942 1463 3025 signum
1472 2967 1499 3008 as

335 3048 395 3113 Dei
410 3049 564 3113 incolume
578 3047 729 3127 seruetur,
744 3046 903 3112 muniatur
913 3063 957 3124 os,
972 3047 1009 3111 ut
1019 3044 1189 3111 Dominum
1201 3062 1293 3110 suum
1305 3041 1464 3119 Christum

437 3269 540 3339 enpn.
559 3268 584 3332 c,
604 3267 714 3323 12-1a

392 3480 407 3532 1
419 3476 554 3547 indigitur
566 3475 594 3531 Β
696 3473 739 3528 dei
756 3488 826 3529 erae
838 3473 870 3527 s'n
887 3471 917 3542 Q,
931 3471 963 3526 do
975 3470 1013 3525 Μ
1113 3469 1210 3525 castris
1223 3469 1260 3524 Μ
1267 3467 1315 3524 ssd
1327 3469 1351 3522 is
1362 3469 1395 3523 s'as
1406 3484 1461 3523 ras.

340 3564 442 3633 (casae
457 3562 489 3632 Q)
559 3559 770 3631 spraeperarie
838 3556 975 3627 apostolus
987 3554 1084 3625 paulus
1099 3553 1130 3626 θ,
1142 3555 1239 3624 paulus
1251 3555 1387 3625 apostolus
1400 3553 1428 3609 Β

341 3648 481 3704 docebam.
499 3647 679 3717 Q¹M‚monet
694 3645 791 3716 φιλ
894 3640 1316 3698 baduersusces.sedoaaB
1349 3648 1353 3653 “
1412 3640 1469 3694 det

343 3734 448 3804 barum]
465 3735 561 3789 harum
574 3733 602 3788 P
703 3731 719 3783 7
731 3730 857 3799 spiritum
870 3729 898 3783 Β
998 3727 1090 3782 tituta
1103 3726 1140 3797 ρ’
1152 3728 1222 3794 (tote
1233 3725 1326 3796 W),
1345 3741 1395 3779 om.
1409 3723 1435 3778 Β

343 3821 420 3876 10ac
430 3821 512 3876 cincti
527 3820 560 3882 Ρ,
627 3818 659 3872 11
672 3816 776 3871 induite
789 3816 824 3887 Q·
837 3814 938 3896 (induti
952 3812 1043 3883 ΨΜ),
1056 3811 1197 3867 induentes
1213 3811 1241 3867 V
1305 3813 1333 3865 et
1345 3827 1395 3865 om.
1408 3809 1436 3863 Β

346 3908 380 3961 12
391 3906 525 3977 euangelii
537 3906 611 3976 pacis
623 3922 640 3960 v
744 3900 910 3972 napinam]
927 3897 1024 3954 christi
1036 3897 1064 3954 Β
1088 3947 1092 3952 .
1168 3897 1201 3952 16
1213 3895 1359 3966 sumamus]
1372 3894 1470 3949 iratres

344 3993 514 4049 dilectissimi
535 3993 602 4047 add.
618 3992 644 4045 V
747 3987 916 4057 tutamentis]
937 3985 1127 4040 iuramentisv
1230 3983 1265 4037 18
1280 3982 1364 4037 lorica
1377 3981 1404 4034 Β

343 4080 378 4135 *Β
390 4080 460 4152 quod
472 4080 519 4135 Μ·
538 4081 602 4149 (quo
613 4077 699 4148 M'Q)
801 4076 837 4131 23
851 4073 1030 4144 tegimentum
1042 4071 1070 4127 P
1172 4068 1281 4140 capitis]
1300 4066 1397 4123 salutis
1410 4066 1438 4122 Β

342 4167 508 4238 spiritalem]
517 4167 689 4220 salutmema
768 4161 925 4218 alaudibus
943 4158 983 4213 Β·
1064 4155 1153 4213 odicta
1166 4198 1172 4209 .
1184 4196 1208 4210 ..
1222 4153 1334 4209 uideant
1345 4170 1395 4209 osa.
1409 4153 1438 4207 Β

346 4254 382 4309 26
402 4237 460 4309 (1ιῖ
469 4254 497 4309 Β
605 4251 735 4306 incolume
813 4263 890 4303 suum
913 4260 963 4300 oasa
982 4244 1010 4300 Β
1116 4244 1267 4297 reseruetur
1287 4240 1313 4296 V
1413 4238 1471 4292 issu
1496 4309 1500 4316 ι

352 4338 450 4394 christi
462 4337 491 4393 Β
