3570 4936
717 338 863 397 cneius
887 308 1051 411 cypro-ni
1086 380 1090 388 .

579 597 945 712 EPISTVLA
980 594 1195 706 LXXV.
1245 574 1251 587 ⁹

390 795 395 803 ·
462 800 700 860 urnununuuvs
718 803 902 863 cmurnuo
919 798 1055 856 rurum
1072 798 1114 853 ru
1131 798 1274 857 noruuu
1292 799 1318 855 s
1342 782 1346 795 '

295 979 310 1042 1
367 972 553 1055 Accepimus
578 993 632 1057 per
656 976 867 1062 Rogatianum
892 972 1090 1038 carissimum
1117 974 1258 1038 nostrum
1286 974 1449 1040 diucomm

324 1074 447 1141 euobis
469 1077 600 1143 missum
620 1079 742 1144 litteras
762 1095 839 1159 quas
854 1076 894 1141 ad
908 1093 964 1141 nos
978 1072 1092 1153 fecisti,
1115 1073 1212 1140 freter
1233 1076 1446 1153 dilectissime,

328 1180 360 1244 et
373 1179 491 1264 gratiss
506 1182 630 1265 propter
641 1181 718 1247 hoec
732 1181 797 1245 Deo
811 1179 962 1244 munimus
977 1177 1100 1263 egimus
1116 1177 1198 1261 quod
1213 1179 1388 1264 contigerit,
1410 1181 1470 1244 ute
1516 1261 1518 1265 ‚

325 1282 379 1366 qui
402 1301 526 1367 corpore
546 1286 585 1351 ab
606 1286 742 1351 inuicem
764 1302 944 1365 separemur
966 1282 1012 1346 sic
1035 1282 1149 1365 spiritu
1171 1282 1343 1347 adunemur
1362 1281 1451 1365 quusi

324 1403 385 1451 nou
399 1406 495 1452 unam
509 1389 633 1452 tentum
647 1387 803 1472 regionem
819 1386 970 1465 tenentes,
986 1386 1042 1451 sed
1057 1387 1090 1449 iu
1105 1384 1173 1466 ipsa
1188 1384 1280 1467 atque
1294 1384 1328 1449 in
1342 1383 1451 1450 cedem

325 1487 416 1556 domo
437 1490 532 1555 simul
547 1489 765 1555 inhabitantes.
787 1489 867 1571 quod
882 1490 914 1553 st
929 1489 1019 1554 decet
1033 1487 1144 1564 dicere,
1167 1486 1240 1570 quio
1254 1488 1286 1551 et
1301 1486 1450 1569 spiritulis

325 1591 435 1656 domus
448 1592 509 1657 Dei
528 1612 590 1658 unu
606 1594 662 1659 est.
685 1593 763 1657 erit
784 1593 884 1657 euim
906 1591 946 1657 in
968 1589 1214 1668 nouissimis,
1236 1589 1292 1666 uit,
1314 1588 1451 1655 dicbus

324 1693 559 1760 manifestus
581 1713 685 1761 mons
707 1694 862 1761 Domini
884 1696 922 1759 st
943 1694 1075 1761 domus
1097 1693 1169 1758 Dei
1190 1710 1306 1775 super
1326 1691 1487 1759 uerti-10

325 1813 386 1860 ces
400 1796 597 1860 montium.
618 1797 652 1861 in
666 1814 727 1877 quo
741 1796 954 1862 conuenientes
970 1815 1042 1861 cum
1058 1795 1249 1861 iocunditate
1263 1794 1449 1873 adunantur,

327 1894 497 1962 secundum
511 1896 592 1979 quod
607 1900 638 1961 et
653 1897 685 1961 in
699 1899 818 1979 psalmo
832 1898 889 1962 hoc
903 1898 1082 1980 postulatur
1095 1917 1114 1962 a
1126 1898 1259 1965 Domino
1274 1898 1450 1964 inhabitare

324 1998 358 2063 in
374 1996 464 2062 domo
474 1997 533 2063 Dei
547 2015 600 2080 per
614 2015 720 2088 omues
735 1999 802 2063 <lios
817 2000 909 2063 uitae.
926 1999 1007 2063 unde
1019 2002 1051 2063 et
1062 2001 1096 2064 in
1111 2000 1173 2064 ulio
1187 2001 1254 2064 loco
1269 2001 1450 2066 manifesto-

324 2102 453 2166 tumest
468 2119 533 2166 esso
548 2100 629 2182 apud
645 2103 766 2165 cunctos
781 2119 927 2185 magnam
942 2099 1115 2166 uoluntatis
1131 2101 1295 2166 caritatem
1307 2103 1448 2167 inunum

325 2203 495 2268 conuenire.
535 2221 636 2280 ecce,
669 2202 781 2285 iuquit,
815 2222 924 2285 quum
956 2202 1094 2267 bonum
1128 2203 1166 2268 et
1198 2203 1486 2286 uoluptubilens

325 2306 383 2371 est
404 2307 447 2371 ut
470 2304 650 2370 habitent
671 2303 814 2370 iratres
835 2306 874 2370 in
895 2324 1020 2370 unum.

295 2412 315 2473 2
369 2408 527 2474 Adunetio
555 2408 638 2482 onim
662 2410 694 2472 ct
719 2427 779 2491 pax
803 2410 835 2474 et
861 2407 1024 2473 concordia
1050 2425 1112 2472 nou
1140 2409 1242 2474 solum
1271 2407 1449 2475 homiuibus

326 2510 470 2577 fidelibus
483 2512 514 2576 et
525 2510 779 2594 cognoscentibus
792 2511 958 2576 ueritatem
970 2509 1024 2574 sed
1035 2512 1068 2578 et
1079 2511 1201 2597 angelis
1215 2510 1293 2596 ipsis
1307 2510 1450 2577 coelesti·

325 2614 384 2678 bus
404 2612 598 2696 uoluptatem
618 2613 786 2678 maximum
804 2614 952 2696 praestet,
974 2613 1087 2696 quibus
1109 2613 1187 2680 dicit
1209 2632 1309 2680 sermo
1324 2613 1449 2679 diuinus

325 2733 391 2781 esse
406 2715 554 2801 gaudium
566 2717 598 2781 in
610 2733 670 2781 uno
684 2717 842 2798 peccatore
855 2716 1081 2798 paenitentiam
1096 2719 1208 2801 agente
1223 2718 1254 2781 et
1264 2716 1305 2781 ud
1319 2716 1449 2782 unitatis
1458 2733 1486 2774 ω

328 2819 488 2884 uinculum
511 2821 691 2884 reuertente.
716 2819 796 2902 quod
818 2818 926 2901 utique
945 2838 1006 2883 nou
1020 2820 1176 2884 diceretur
1189 2820 1228 2885 ds
1242 2819 1363 2904 augelis
1378 2837 1450 2884 con·

327 2921 532 2987 uersationem
548 2921 581 2986 in
597 2921 690 2987 coelis
712 2921 904 3004 nubentibus,
927 2921 989 2987 uisi
1011 2921 1074 3006 ipsi
1096 2940 1217 3005 quoqne
1239 2922 1341 2987 essent
1362 2921 1451 2987 nobis

327 3022 457 3089 adunati
471 3023 525 3105 qui
541 3025 646 3089 nostru
659 3023 842 3089 adunatione
857 3024 1023 3102 laetentur,
1046 3025 1129 3089 sicut
1143 3042 1159 3090 e
1174 3023 1328 3089 contrario
1342 3024 1450 3106 utique

329 3127 559 3209 contristantur,
589 3125 711 3209 quando
741 3125 850 3192 uident
879 3127 1017 3192 diuersas
1048 3124 1241 3209 quorundum
1270 3127 1390 3190 mentes
1419 3127 1452 3190 et

328 3229 438 3294 scissos
464 3229 652 3307 uoluntates,
679 3229 768 3312 quasi
793 3247 854 3295 nou
879 3231 1003 3294 tautum
1028 3248 1127 3293 unum
1150 3231 1182 3294 et
1204 3228 1335 3294 eundem
1349 3228 1488 3294 Deumus

429 3449 447 3503 9
464 3447 508 3505 ns.
526 3453 553 3515 2,
569 3452 594 3505 2.
665 3450 698 3505 15
715 3450 760 3504 Pe.
778 3449 837 3515 122,
856 3451 880 3504 1.

381 3653 467 3724 Epist.
478 3654 584 3710 LXXV.
597 3685 630 3696 -
642 3655 744 3726 Incipit
756 3656 874 3726 epistole
884 3655 1040 3711 Firmilioui
1052 3654 1086 3709 sd
1097 3653 1261 3725 Cyprisnnm
1274 3669 1298 3719 o,
1315 3654 1454 3710 Firmilie·

329 3757 380 3794 nun
392 3741 427 3795 ud
436 3741 631 3810 CyprinuumI.
644 3742 747 3814 Incipit
757 3742 856 3798 Caecili
873 3741 1000 3812 cypriani
1012 3742 1046 3797 cd
1058 3741 1188 3808 Quintum
1198 3739 1316 3796 feliciter
1327 3740 1359 3811 Q,
1369 3742 1453 3796 tneor.

330 3826 734 3883 mm-onuomnomo
789 3811 1291 3897 umectamspffiooommo
1349 3826 1454 3897 enoc]

329 3912 410 3969 uoco
488 3912 630 3979 nominoe,
641 3897 744 3980 uzu,
756 3897 840 3985 ua‘p
924 3913 1022 3984 nupsi]
1035 3930 1089 3968 una
1100 3913 1158 3969 coo
1173 3913 1313 3968 mouns
1397 3912 1456 3967 en

329 4013 380 4052 coo
393 3999 425 4054 Ε
500 3999 552 4069 uit]
564 4000 694 4070 propheto
705 4000 800 4056 ccicc
885 4000 1087 4071 11qu21qnum
1099 3999 1179 4055 EIoc
1257 3998 1292 4053 12
1302 4001 1332 4052 et
1341 4013 1422 4054 oeno

329 4083 364 4138 14
375 4085 527 4156 cumtetch
539 4085 707 4141 ohcritstem
719 4087 789 4143 coni
801 4086 894 4142 Recto
996 4087 1031 4140 15
1041 4084 1272 4155 uoluptebilemQ
1369 4085 1403 4138 16
1413 4085 1457 4139 in·

329 4169 486 4227 habitentI
583 4173 617 4227 19
629 4171 858 4244 uolumptstemQ
958 4172 994 4226 20
1005 4175 1130 4243 egentem
1141 4173 1178 4227 Μ
1179 4169 1215 4242 0¹
1322 4170 1356 4225 21
1368 4186 1457 4226 rener-

328 4258 432 4312 tcntem
443 4257 516 4329 ΜΨ
827 4283 829 4287 ·
