<?xml version="1.0" encoding="UTF-8"?>
<!DOCTYPE html PUBLIC "-//W3C//DTD XHTML 1.0 Transitional//EN"
    "http://www.w3.org/TR/xhtml1/DTD/xhtml1-transitional.dtd">
<html xmlns="http://www.w3.org/1999/xhtml" xml:lang="en" lang="en">
 <head>
  <title>
</title>
<meta http-equiv="Content-Type" content="text/html;charset=utf-8" />
  <meta name='ocr-system' content='tesseract 3.04.00' />
  <meta name='ocr-capabilities' content='ocr_page ocr_carea ocr_par ocr_line ocrx_word'/>
</head>
<body>
  <div class='ocr_page' id='page_1' title='image "./sthascicaecilic01cyprgoog_0241.png"; bbox 0 0 3570 4936; ppageno 0'>
   <div class='ocr_carea' id='block_1_1' title="bbox 670 400 1462 473">
    <p class='ocr_par' dir='ltr' id='par_1_1' title="bbox 670 400 1462 473">
     <span class='ocr_line' id='line_1_1' title="bbox 670 400 1462 473; baseline 0.015 -19"><span class='ocrx_word' id='word_1_1' title='bbox 670 401 850 473; x_wconf 71' lang='lat' dir='ltr'><strong>Epistulae</strong></span> <span class='ocrx_word' id='word_1_2' title='bbox 868 401 990 458; x_wconf 81' lang='lat' dir='ltr'>LXIIL</span> <span class='ocrx_word' id='word_1_3' title='bbox 1009 418 1033 459; x_wconf 89' lang='lat' dir='ltr'><strong>o.</strong></span> <span class='ocrx_word' id='word_1_4' title='bbox 1050 402 1128 458; x_wconf 76' lang='grc'><strong>’1-9.</strong></span> <span class='ocrx_word' id='word_1_5' title='bbox 1401 400 1462 466; x_wconf 69' lang='grc'><strong>701</strong></span> 
     </span>
    </p>
   </div>
   <div class='ocr_carea' id='block_1_2' title="bbox 293 555 1496 3006">
    <p class='ocr_par' dir='ltr' id='par_1_2' title="bbox 293 555 1496 3006">
     <span class='ocr_line' id='line_1_2' title="bbox 330 555 1469 645; baseline -0.003 -20"><span class='ocrx_word' id='word_1_6' title='bbox 330 560 399 645; x_wconf 84' lang='lat' dir='ltr'><strong>qui</strong></span> <span class='ocrx_word' id='word_1_7' title='bbox 431 557 561 625; x_wconf 87' lang='lat' dir='ltr'><strong>credit</strong></span> <span class='ocrx_word' id='word_1_8' title='bbox 592 559 634 625; x_wconf 93' lang='lat' dir='ltr'><strong>in</strong></span> <span class='ocrx_word' id='word_1_9' title='bbox 665 579 738 639; x_wconf 91' lang='lat' dir='ltr'><strong>me,</strong></span> <span class='ocrx_word' id='word_1_10' title='bbox 776 557 882 625; x_wconf 90' lang='lat' dir='ltr'><strong>sicut</strong></span> <span class='ocrx_word' id='word_1_11' title='bbox 914 559 1116 643; x_wconf 87' lang='lat' dir='ltr'><strong>scriptura</strong></span> <span class='ocrx_word' id='word_1_12' title='bbox 1149 556 1268 638; x_wconf 88' lang='lat' dir='ltr'><strong>dicit,</strong></span> <span class='ocrx_word' id='word_1_13' title='bbox 1302 555 1469 624; x_wconf 83' lang='lat' dir='ltr'><strong>flumina</strong></span> 
     </span>
     <span class='ocr_line' id='line_1_3' title="bbox 333 660 1468 746; baseline -0.002 -17"><span class='ocrx_word' id='word_1_14' title='bbox 333 665 381 729; x_wconf 93' lang='lat' dir='ltr'><strong>do</strong></span> <span class='ocrx_word' id='word_1_15' title='bbox 414 664 552 729; x_wconf 90' lang='lat' dir='ltr'><strong>uentre</strong></span> <span class='ocrx_word' id='word_1_16' title='bbox 585 664 670 730; x_wconf 90' lang='lat' dir='ltr'><strong>sius</strong></span> <span class='ocrx_word' id='word_1_17' title='bbox 701 664 834 730; x_wconf 84' lang='lat' dir='ltr'><strong>fluent</strong></span> <span class='ocrx_word' id='word_1_18' title='bbox 867 679 992 746; x_wconf 90' lang='lat' dir='ltr'><strong>aquae</strong></span> <span class='ocrx_word' id='word_1_19' title='bbox 1025 662 1151 729; x_wconf 90' lang='lat' dir='ltr'><strong>uiuae.</strong></span> <span class='ocrx_word' id='word_1_20' title='bbox 1185 662 1285 745; x_wconf 89' lang='lat' dir='ltr'><strong>adque</strong></span> <span class='ocrx_word' id='word_1_21' title='bbox 1306 664 1344 728; x_wconf 95' lang='lat' dir='ltr'><strong>ut</strong></span> <span class='ocrx_word' id='word_1_22' title='bbox 1365 660 1468 746; x_wconf 89' lang='lat' dir='ltr'><strong>magis</strong></span> 
     </span>
     <span class='ocr_line' id='line_1_4' title="bbox 334 763 1468 850; baseline -0.004 -17"><span class='ocrx_word' id='word_1_23' title='bbox 334 768 441 850; x_wconf 87' lang='lat' dir='ltr'><strong>posset</strong></span> <span class='ocrx_word' id='word_1_24' title='bbox 463 784 529 832; x_wconf 89' lang='lat' dir='ltr'><strong>esso</strong></span> <span class='ocrx_word' id='word_1_25' title='bbox 549 765 752 833; x_wconf 85' lang='lat' dir='ltr'><strong>manifestum</strong></span> <span class='ocrx_word' id='word_1_26' title='bbox 774 767 922 850; x_wconf 90' lang='lat' dir='ltr'><strong>quianon</strong></span> <span class='ocrx_word' id='word_1_27' title='bbox 938 763 977 831; x_wconf 90' lang='lat' dir='ltr'><strong>de</strong></span> <span class='ocrx_word' id='word_1_28' title='bbox 992 765 1089 832; x_wconf 87' lang='lat' dir='ltr'><strong>calice</strong></span> <span class='ocrx_word' id='word_1_29' title='bbox 1104 767 1158 832; x_wconf 89' lang='lat' dir='ltr'><strong>ssd</strong></span> <span class='ocrx_word' id='word_1_30' title='bbox 1173 767 1212 832; x_wconf 92' lang='lat' dir='ltr'><strong>de</strong></span> <span class='ocrx_word' id='word_1_31' title='bbox 1225 765 1384 849; x_wconf 86' lang='lat' dir='ltr'><strong>baptismo</strong></span> <span class='ocrx_word' id='word_1_32' title='bbox 1398 764 1468 831; x_wconf 87' lang='lat' dir='ltr'><strong>illio</strong></span> 
     </span>
     <span class='ocr_line' id='line_1_5' title="bbox 337 868 1469 956; baseline -0.002 -22"><span class='ocrx_word' id='word_1_33' title='bbox 337 868 477 953; x_wconf 84' lang='lat' dir='ltr'><strong>loquitur</strong></span> <span class='ocrx_word' id='word_1_34' title='bbox 489 871 653 950; x_wconf 81' lang='lat' dir='ltr'><strong>Dominus,</strong></span> <span class='ocrx_word' id='word_1_35' title='bbox 669 870 791 938; x_wconf 80' lang='lat' dir='ltr'><strong>addidit</strong></span> <span class='ocrx_word' id='word_1_36' title='bbox 807 871 962 956; x_wconf 90' lang='lat' dir='ltr'><strong>scriptura</strong></span> <span class='ocrx_word' id='word_1_37' title='bbox 982 868 1102 936; x_wconf 72' lang='lat' dir='ltr'><strong>means:</strong></span> <span class='ocrx_word' id='word_1_38' title='bbox 1123 869 1195 935; x_wconf 90' lang='lat' dir='ltr'><strong>hoo</strong></span> <span class='ocrx_word' id='word_1_39' title='bbox 1215 870 1344 936; x_wconf 88' lang='lat' dir='ltr'><strong>antem</strong></span> <span class='ocrx_word' id='word_1_40' title='bbox 1364 869 1469 934; x_wconf 88' lang='lat' dir='ltr'><strong>dirit</strong></span> 
     </span>
     <span class='ocr_line' id='line_1_6' title="bbox 311 971 1467 1060; baseline 0.001 -23"><span class='ocrx_word' id='word_1_41' title='bbox 311 971 380 1038; x_wconf 72' lang='lat' dir='ltr'><strong>ade</strong></span> <span class='ocrx_word' id='word_1_42' title='bbox 401 973 551 1055; x_wconf 87' lang='lat' dir='ltr'><strong>spiritu</strong></span> <span class='ocrx_word' id='word_1_43' title='bbox 578 994 689 1059; x_wconf 91' lang='lat' dir='ltr'><strong>quem</strong></span> <span class='ocrx_word' id='word_1_44' title='bbox 710 975 920 1060; x_wconf 89' lang='lat' dir='ltr'><strong>accepturi</strong></span> <span class='ocrx_word' id='word_1_45' title='bbox 944 975 1056 1040; x_wconf 90' lang='lat' dir='ltr'><strong>erant</strong></span> <span class='ocrx_word' id='word_1_46' title='bbox 1077 973 1204 1056; x_wconf 88' lang='lat' dir='ltr'><strong>quiin</strong></span> <span class='ocrx_word' id='word_1_47' title='bbox 1225 993 1310 1039; x_wconf 91' lang='lat' dir='ltr'><strong>eum</strong></span> <span class='ocrx_word' id='word_1_48' title='bbox 1333 972 1467 1039; x_wconf 90' lang='lat' dir='ltr'><strong>crede-</strong></span> 
     </span>
     <span class='ocr_line' id='line_1_7' title="bbox 334 1073 1468 1162; baseline 0.001 -22"><span class='ocrx_word' id='word_1_49' title='bbox 334 1073 437 1141; x_wconf 89' lang='lat' dir='ltr'><strong>bant.</strong></span> <span class='ocrx_word' id='word_1_50' title='bbox 458 1095 514 1159; x_wconf 88' lang='lat' dir='ltr'><strong>per</strong></span> <span class='ocrx_word' id='word_1_51' title='bbox 527 1076 684 1161; x_wconf 89' lang='lat' dir='ltr'><strong>baptisma</strong></span> <span class='ocrx_word' id='word_1_52' title='bbox 699 1080 805 1145; x_wconf 88' lang='lat' dir='ltr'><strong>antem</strong></span> <span class='ocrx_word' id='word_1_53' title='bbox 820 1079 951 1162; x_wconf 91' lang='lat' dir='ltr'><strong>spiritns</strong></span> <span class='ocrx_word' id='word_1_54' title='bbox 965 1077 1090 1144; x_wconf 82' lang='lat' dir='ltr'><strong>sanctus</strong></span> <span class='ocrx_word' id='word_1_55' title='bbox 1103 1076 1265 1160; x_wconf 76' lang='lat' dir='ltr'><strong>accipitur,</strong></span> <span class='ocrx_word' id='word_1_56' title='bbox 1282 1077 1315 1142; x_wconf 90' lang='lat' dir='ltr'><strong>ot</strong></span> <span class='ocrx_word' id='word_1_57' title='bbox 1330 1076 1375 1142; x_wconf 87' lang='lat' dir='ltr'><strong>sio</strong></span> <span class='ocrx_word' id='word_1_58' title='bbox 1388 1076 1468 1159; x_wconf 91' lang='lat' dir='ltr'><strong>bap-</strong></span> 
     </span>
     <span class='ocr_line' id='line_1_8' title="bbox 333 1177 1468 1266; baseline 0.001 -24"><span class='ocrx_word' id='word_1_59' title='bbox 333 1177 441 1245; x_wconf 80' lang='lat' dir='ltr'><strong>tizatis</strong></span> <span class='ocrx_word' id='word_1_60' title='bbox 463 1182 496 1245; x_wconf 92' lang='lat' dir='ltr'><strong>et</strong></span> <span class='ocrx_word' id='word_1_61' title='bbox 516 1181 664 1266; x_wconf 90' lang='lat' dir='ltr'><strong>spiritum</strong></span> <span class='ocrx_word' id='word_1_62' title='bbox 693 1184 835 1249; x_wconf 87' lang='lat' dir='ltr'><strong>sanctum</strong></span> <span class='ocrx_word' id='word_1_63' title='bbox 865 1182 1039 1248; x_wconf 75' lang='lat' dir='ltr'><strong>consecutis</strong></span> <span class='ocrx_word' id='word_1_64' title='bbox 1068 1182 1109 1248; x_wconf 90' lang='lat' dir='ltr'><strong>ad</strong></span> <span class='ocrx_word' id='word_1_65' title='bbox 1137 1177 1308 1246; x_wconf 91' lang='lat' dir='ltr'><strong>bibendum</strong></span> <span class='ocrx_word' id='word_1_66' title='bbox 1338 1179 1468 1245; x_wconf 89' lang='lat' dir='ltr'><strong>calicem</strong></span> 
     </span>
     <span class='ocr_line' id='line_1_9' title="bbox 338 1279 1469 1367; baseline 0.001 -22"><span class='ocrx_word' id='word_1_67' title='bbox 338 1279 467 1349; x_wconf 87' lang='lat' dir='ltr'><strong>Domini</strong></span> <span class='ocrx_word' id='word_1_68' title='bbox 488 1286 678 1367; x_wconf 82' lang='lat' dir='ltr'><strong>peruenitur.</strong></span> <span class='ocrx_word' id='word_1_69' title='bbox 700 1287 855 1352; x_wconf 89' lang='lat' dir='ltr'><strong>neminem</strong></span> <span class='ocrx_word' id='word_1_70' title='bbox 876 1285 982 1350; x_wconf 89' lang='lat' dir='ltr'><strong>autem</strong></span> <span class='ocrx_word' id='word_1_71' title='bbox 1005 1283 1131 1350; x_wconf 85' lang='lat' dir='ltr'><strong>moueat</strong></span> <span class='ocrx_word' id='word_1_72' title='bbox 1152 1281 1234 1366; x_wconf 90' lang='lat' dir='ltr'><strong>quod</strong></span> <span class='ocrx_word' id='word_1_73' title='bbox 1249 1300 1322 1348; x_wconf 93' lang='lat' dir='ltr'><strong>cum</strong></span> <span class='ocrx_word' id='word_1_74' title='bbox 1337 1281 1376 1346; x_wconf 90' lang='lat' dir='ltr'><strong>de</strong></span> <span class='ocrx_word' id='word_1_75' title='bbox 1389 1281 1469 1363; x_wconf 92' lang='lat' dir='ltr'><strong>bap-</strong></span> 
     </span>
     <span class='ocr_line' id='line_1_10' title="bbox 339 1384 1464 1473; baseline -0.001 -24"><span class='ocrx_word' id='word_1_76' title='bbox 339 1384 435 1452; x_wconf 89' lang='lat' dir='ltr'><strong>tismo</strong></span> <span class='ocrx_word' id='word_1_77' title='bbox 471 1386 618 1471; x_wconf 89' lang='lat' dir='ltr'><strong>loquatur</strong></span> <span class='ocrx_word' id='word_1_78' title='bbox 650 1390 805 1473; x_wconf 88' lang='lat' dir='ltr'><strong>scriptura</strong></span> <span class='ocrx_word' id='word_1_79' title='bbox 836 1388 944 1454; x_wconf 90' lang='lat' dir='ltr'><strong>diuina</strong></span> <span class='ocrx_word' id='word_1_80' title='bbox 975 1386 1065 1452; x_wconf 90' lang='lat' dir='ltr'><strong>sitire</strong></span> <span class='ocrx_word' id='word_1_81' title='bbox 1092 1404 1147 1451; x_wconf 92' lang='lat' dir='ltr'><strong>nos</strong></span> <span class='ocrx_word' id='word_1_82' title='bbox 1174 1385 1253 1450; x_wconf 92' lang='lat' dir='ltr'><strong>dicit</strong></span> <span class='ocrx_word' id='word_1_83' title='bbox 1284 1387 1317 1449; x_wconf 91' lang='lat' dir='ltr'><strong>ot</strong></span> <span class='ocrx_word' id='word_1_84' title='bbox 1348 1384 1464 1462; x_wconf 87' lang='lat' dir='ltr'><strong>bibere,</strong></span> 
     </span>
     <span class='ocr_line' id='line_1_11' title="bbox 296 1487 1469 1574; baseline 0.002 -26"><span class='ocrx_word' id='word_1_85' title='bbox 296 1490 460 1570; x_wconf 73' lang='lat' dir='ltr'><strong>nequando</strong></span> <span class='ocrx_word' id='word_1_86' title='bbox 491 1492 524 1554; x_wconf 93' lang='lat' dir='ltr'><strong>et</strong></span> <span class='ocrx_word' id='word_1_87' title='bbox 544 1489 698 1557; x_wconf 79' lang='lat' dir='ltr'><strong>Dominus</strong></span> <span class='ocrx_word' id='word_1_88' title='bbox 718 1492 752 1556; x_wconf 92' lang='lat' dir='ltr'><strong>in</strong></span> <span class='ocrx_word' id='word_1_89' title='bbox 773 1490 934 1574; x_wconf 90' lang='lat' dir='ltr'><strong>euangelio</strong></span> <span class='ocrx_word' id='word_1_90' title='bbox 955 1489 1054 1554; x_wconf 92' lang='lat' dir='ltr'><strong>dicat:</strong></span> <span class='ocrx_word' id='word_1_91' title='bbox 1084 1488 1195 1553; x_wconf 90' lang='lat' dir='ltr'><strong>boati</strong></span> <span class='ocrx_word' id='word_1_92' title='bbox 1217 1487 1407 1552; x_wconf 89' lang='lat' dir='ltr'><strong>sitientes</strong></span> <span class='ocrx_word' id='word_1_93' title='bbox 1429 1488 1469 1551; x_wconf 92' lang='lat' dir='ltr'><strong>et</strong></span> 
     </span>
     <span class='ocr_line' id='line_1_12' title="bbox 334 1587 1468 1675; baseline -0.001 -21"><span class='ocrx_word' id='word_1_94' title='bbox 334 1592 557 1658; x_wconf 80' lang='lat' dir='ltr'><strong>esurientos</strong></span> <span class='ocrx_word' id='word_1_95' title='bbox 589 1594 804 1673; x_wconf 86' lang='lat' dir='ltr'><strong>iustitiam,</strong></span> <span class='ocrx_word' id='word_1_96' title='bbox 835 1593 908 1675; x_wconf 88' lang='lat' dir='ltr'><strong>quia</strong></span> <span class='ocrx_word' id='word_1_97' title='bbox 929 1591 1012 1674; x_wconf 90' lang='lat' dir='ltr'><strong>quod</strong></span> <span class='ocrx_word' id='word_1_98' title='bbox 1034 1591 1128 1656; x_wconf 91' lang='lat' dir='ltr'><strong>auida</strong></span> <span class='ocrx_word' id='word_1_99' title='bbox 1150 1592 1182 1654; x_wconf 92' lang='lat' dir='ltr'><strong>et</strong></span> <span class='ocrx_word' id='word_1_100' title='bbox 1204 1589 1324 1655; x_wconf 89' lang='lat' dir='ltr'><strong>sitienti</strong></span> <span class='ocrx_word' id='word_1_101' title='bbox 1346 1587 1468 1673; x_wconf 90' lang='lat' dir='ltr'><strong>cupidi-</strong></span> 
     </span>
     <span class='ocr_line' id='line_1_13' title="bbox 337 1692 1467 1778; baseline 0.001 -21"><span class='ocrx_word' id='word_1_102' title='bbox 337 1692 405 1758; x_wconf 83' lang='lat' dir='ltr'><strong>tate</strong></span> <span class='ocrx_word' id='word_1_103' title='bbox 420 1695 589 1778; x_wconf 88' lang='lat' dir='ltr'><strong>suscipitur</strong></span> <span class='ocrx_word' id='word_1_104' title='bbox 609 1696 731 1778; x_wconf 79' lang='lat' dir='ltr'><strong>plurius</strong></span> <span class='ocrx_word' id='word_1_105' title='bbox 751 1699 783 1762; x_wconf 92' lang='lat' dir='ltr'><strong>et</strong></span> <span class='ocrx_word' id='word_1_106' title='bbox 805 1696 929 1761; x_wconf 90' lang='lat' dir='ltr'><strong>uberius</strong></span> <span class='ocrx_word' id='word_1_107' title='bbox 943 1693 1097 1759; x_wconf 84' lang='lat' dir='ltr'><strong>hauritur.</strong></span> <span class='ocrx_word' id='word_1_108' title='bbox 1119 1692 1202 1758; x_wconf 89' lang='lat' dir='ltr'><strong>sicut</strong></span> <span class='ocrx_word' id='word_1_109' title='bbox 1215 1693 1248 1755; x_wconf 91' lang='lat' dir='ltr'><strong>et</strong></span> <span class='ocrx_word' id='word_1_110' title='bbox 1263 1693 1324 1757; x_wconf 90' lang='lat' dir='ltr'><strong>alio</strong></span> <span class='ocrx_word' id='word_1_111' title='bbox 1339 1693 1406 1758; x_wconf 92' lang='lat' dir='ltr'><strong>looo</strong></span> <span class='ocrx_word' id='word_1_112' title='bbox 1426 1692 1467 1758; x_wconf 91' lang='lat' dir='ltr'><strong>ad</strong></span> 
     </span>
     <span class='ocr_line' id='line_1_14' title="bbox 333 1793 1467 1879; baseline 0.001 -20"><span class='ocrx_word' id='word_1_113' title='bbox 333 1793 564 1863; x_wconf 85' lang='lat' dir='ltr'><strong>Samaritanam</strong></span> <span class='ocrx_word' id='word_1_114' title='bbox 590 1799 751 1865; x_wconf 86' lang='lat' dir='ltr'><strong>mulierem</strong></span> <span class='ocrx_word' id='word_1_115' title='bbox 772 1799 925 1865; x_wconf 90' lang='lat' dir='ltr'><strong>Dominus</strong></span> <span class='ocrx_word' id='word_1_116' title='bbox 949 1797 1090 1879; x_wconf 86' lang='lat' dir='ltr'><strong>loquitur</strong></span> <span class='ocrx_word' id='word_1_117' title='bbox 1114 1795 1233 1860; x_wconf 87' lang='lat' dir='ltr'><strong>dicens:</strong></span> <span class='ocrx_word' id='word_1_118' title='bbox 1256 1794 1379 1861; x_wconf 89' lang='lat' dir='ltr'><strong>omnis</strong></span> <span class='ocrx_word' id='word_1_119' title='bbox 1401 1796 1467 1878; x_wconf 85' lang='lat' dir='ltr'><strong>qui</strong></span> 
     </span>
     <span class='ocr_line' id='line_1_15' title="bbox 336 1897 1467 1985; baseline 0.002 -24"><span class='ocrx_word' id='word_1_120' title='bbox 336 1897 488 1965; x_wconf 88' lang='lat' dir='ltr'><strong>biberit</strong></span> <span class='ocrx_word' id='word_1_121' title='bbox 510 1919 553 1965; x_wconf 87' lang='lat' dir='ltr'><strong>er</strong></span> <span class='ocrx_word' id='word_1_122' title='bbox 574 1920 671 1985; x_wconf 87' lang='lat' dir='ltr'><strong>aqua</strong></span> <span class='ocrx_word' id='word_1_123' title='bbox 691 1903 786 1981; x_wconf 91' lang='lat' dir='ltr'><strong>ista,</strong></span> <span class='ocrx_word' id='word_1_124' title='bbox 808 1902 924 1967; x_wconf 89' lang='lat' dir='ltr'><strong>sitiet</strong></span> <span class='ocrx_word' id='word_1_125' title='bbox 945 1901 1099 1966; x_wconf 90' lang='lat' dir='ltr'><strong>iterum.</strong></span> <span class='ocrx_word' id='word_1_126' title='bbox 1123 1900 1187 1982; x_wconf 89' lang='lat' dir='ltr'><strong>qui</strong></span> <span class='ocrx_word' id='word_1_127' title='bbox 1210 1901 1340 1963; x_wconf 90' lang='lat' dir='ltr'><strong>autem</strong></span> <span class='ocrx_word' id='word_1_128' title='bbox 1360 1898 1467 1963; x_wconf 91' lang='lat' dir='ltr'><strong>bibe·</strong></span> 
     </span>
     <span class='ocr_line' id='line_1_16' title="bbox 297 2001 1466 2091; baseline -0.001 -25"><span class='ocrx_word' id='word_1_129' title='bbox 297 2001 454 2066; x_wconf 73' lang='lat' dir='ltr'><strong>rariter</strong></span> <span class='ocrx_word' id='word_1_130' title='bbox 477 2021 709 2087; x_wconf 86' lang='lat' dir='ltr'><strong>equaquam</strong></span> <span class='ocrx_word' id='word_1_131' title='bbox 737 2023 806 2091; x_wconf 87' lang='lat' dir='ltr'><strong>ego</strong></span> <span class='ocrx_word' id='word_1_132' title='bbox 832 2004 989 2080; x_wconf 85' lang='lat' dir='ltr'><strong>dedero,</strong></span> <span class='ocrx_word' id='word_1_133' title='bbox 1022 2022 1096 2069; x_wconf 92' lang='lat' dir='ltr'><strong>non</strong></span> <span class='ocrx_word' id='word_1_134' title='bbox 1128 2002 1249 2067; x_wconf 88' lang='lat' dir='ltr'><strong>sitiet</strong></span> <span class='ocrx_word' id='word_1_135' title='bbox 1275 2002 1315 2067; x_wconf 92' lang='lat' dir='ltr'><strong>in</strong></span> <span class='ocrx_word' id='word_1_136' title='bbox 1341 2003 1466 2067; x_wconf 89' lang='lat' dir='ltr'><strong>aeter·</strong></span> 
     </span>
     <span class='ocr_line' id='line_1_17' title="bbox 335 2102 1467 2191; baseline 0.001 -24"><span class='ocrx_word' id='word_1_137' title='bbox 335 2122 431 2169; x_wconf 93' lang='lat' dir='ltr'><strong>num.</strong></span> <span class='ocrx_word' id='word_1_138' title='bbox 459 2124 520 2188; x_wconf 90' lang='lat' dir='ltr'><strong>quo</strong></span> <span class='ocrx_word' id='word_1_139' title='bbox 543 2108 575 2171; x_wconf 90' lang='lat' dir='ltr'><strong>et</strong></span> <span class='ocrx_word' id='word_1_140' title='bbox 597 2108 664 2188; x_wconf 89' lang='lat' dir='ltr'><strong>ipso</strong></span> <span class='ocrx_word' id='word_1_141' title='bbox 690 2107 845 2191; x_wconf 90' lang='lat' dir='ltr'><strong>baptisma</strong></span> <span class='ocrx_word' id='word_1_142' title='bbox 869 2105 1016 2173; x_wconf 88' lang='lat' dir='ltr'><strong>salutaris</strong></span> <span class='ocrx_word' id='word_1_143' title='bbox 1037 2124 1136 2188; x_wconf 91' lang='lat' dir='ltr'><strong>aquas</strong></span> <span class='ocrx_word' id='word_1_144' title='bbox 1158 2103 1361 2190; x_wconf 87' lang='lat' dir='ltr'><strong>significatur,</strong></span> <span class='ocrx_word' id='word_1_145' title='bbox 1384 2102 1467 2187; x_wconf 88' lang='lat' dir='ltr'><strong>quod</strong></span> 
     </span>
     <span class='ocr_line' id='line_1_18' title="bbox 335 2206 1466 2275; baseline 0.003 -6"><span class='ocrx_word' id='word_1_146' title='bbox 335 2209 432 2273; x_wconf 88' lang='lat' dir='ltr'><strong>semel</strong></span> <span class='ocrx_word' id='word_1_147' title='bbox 453 2208 573 2274; x_wconf 85' lang='lat' dir='ltr'><strong>scilieet</strong></span> <span class='ocrx_word' id='word_1_148' title='bbox 587 2209 724 2274; x_wconf 87' lang='lat' dir='ltr'><strong>sumitur</strong></span> <span class='ocrx_word' id='word_1_149' title='bbox 737 2229 794 2275; x_wconf 91' lang='lat' dir='ltr'><strong>nec</strong></span> <span class='ocrx_word' id='word_1_150' title='bbox 807 2229 915 2275; x_wconf 89' lang='lat' dir='ltr'><strong>rursus</strong></span> <span class='ocrx_word' id='word_1_151' title='bbox 928 2209 1071 2273; x_wconf 90' lang='lat' dir='ltr'><strong>iteratur.</strong></span> <span class='ocrx_word' id='word_1_152' title='bbox 1094 2209 1230 2273; x_wconf 87' lang='lat' dir='ltr'><strong>ceterum</strong></span> <span class='ocrx_word' id='word_1_153' title='bbox 1245 2206 1326 2272; x_wconf 85' lang='lat' dir='ltr'><strong>oalix</strong></span> <span class='ocrx_word' id='word_1_154' title='bbox 1340 2207 1466 2272; x_wconf 92' lang='lat' dir='ltr'><strong>Domini</strong></span> 
     </span>
     <span class='ocr_line' id='line_1_19' title="bbox 334 2308 1005 2395; baseline 0.003 -24"><span class='ocrx_word' id='word_1_155' title='bbox 334 2308 368 2372; x_wconf 93' lang='lat' dir='ltr'><strong>in</strong></span> <span class='ocrx_word' id='word_1_156' title='bbox 383 2311 512 2375; x_wconf 87' lang='lat' dir='ltr'><strong>ecclesia</strong></span> <span class='ocrx_word' id='word_1_157' title='bbox 526 2330 648 2395; x_wconf 87' lang='lat' dir='ltr'><strong>semper</strong></span> <span class='ocrx_word' id='word_1_158' title='bbox 661 2311 692 2375; x_wconf 88' lang='lat' dir='ltr'><strong>et</strong></span> <span class='ocrx_word' id='word_1_159' title='bbox 707 2312 815 2377; x_wconf 90' lang='lat' dir='ltr'><strong>sititur</strong></span> <span class='ocrx_word' id='word_1_160' title='bbox 829 2311 861 2376; x_wconf 92' lang='lat' dir='ltr'><strong>et</strong></span> <span class='ocrx_word' id='word_1_161' title='bbox 875 2310 1005 2376; x_wconf 89' lang='lat' dir='ltr'><strong>bibitur.</strong></span> 
     </span>
     <span class='ocr_line' id='line_1_20' title="bbox 378 2409 1496 2497; baseline -0.002 -21"><span class='ocrx_word' id='word_1_162' title='bbox 378 2410 444 2477; x_wconf 86' lang='lat' dir='ltr'><strong>Nec</strong></span> <span class='ocrx_word' id='word_1_163' title='bbox 463 2413 658 2497; x_wconf 85' lang='lat' dir='ltr'><strong>argumentis</strong></span> <span class='ocrx_word' id='word_1_164' title='bbox 672 2414 818 2496; x_wconf 88' lang='lat' dir='ltr'><strong>plurimis</strong></span> <span class='ocrx_word' id='word_1_165' title='bbox 832 2430 909 2494; x_wconf 89' lang='lat' dir='ltr'><strong>opus</strong></span> <span class='ocrx_word' id='word_1_166' title='bbox 924 2413 982 2490; x_wconf 90' lang='lat' dir='ltr'><strong>est,</strong></span> <span class='ocrx_word' id='word_1_167' title='bbox 999 2413 1096 2477; x_wconf 88' lang='lat' dir='ltr'><strong>frater</strong></span> <span class='ocrx_word' id='word_1_168' title='bbox 1110 2410 1280 2490; x_wconf 88' lang='lat' dir='ltr'><strong>carissime,</strong></span> <span class='ocrx_word' id='word_1_169' title='bbox 1302 2411 1339 2475; x_wconf 88' lang='lat' dir='ltr'><strong>ut</strong></span> <span class='ocrx_word' id='word_1_170' title='bbox 1353 2409 1496 2492; x_wconf 77' lang='lat' dir='ltr'><strong>probe-t</strong></span> 
     </span>
     <span class='ocr_line' id='line_1_21' title="bbox 293 2513 1465 2597; baseline -0.001 -19"><span class='ocrx_word' id='word_1_171' title='bbox 293 2536 325 2578; x_wconf 78' lang='lat' dir='ltr'><strong>eo</strong></span> <span class='ocrx_word' id='word_1_172' title='bbox 335 2531 406 2577; x_wconf 91' lang='lat' dir='ltr'><strong>mus</strong></span> <span class='ocrx_word' id='word_1_173' title='bbox 426 2514 634 2596; x_wconf 84' lang='lat' dir='ltr'><strong>appellatione</strong></span> <span class='ocrx_word' id='word_1_174' title='bbox 649 2533 745 2596; x_wconf 87' lang='lat' dir='ltr'><strong>aquae</strong></span> <span class='ocrx_word' id='word_1_175' title='bbox 759 2514 917 2597; x_wconf 88' lang='lat' dir='ltr'><strong>baptisma</strong></span> <span class='ocrx_word' id='word_1_176' title='bbox 930 2514 1142 2597; x_wconf 88' lang='lat' dir='ltr'><strong>significatum</strong></span> <span class='ocrx_word' id='word_1_177' title='bbox 1157 2528 1278 2592; x_wconf 89' lang='lat' dir='ltr'><strong>semper</strong></span> <span class='ocrx_word' id='word_1_178' title='bbox 1292 2530 1359 2576; x_wconf 89' lang='lat' dir='ltr'><strong>esse</strong></span> <span class='ocrx_word' id='word_1_179' title='bbox 1373 2514 1406 2576; x_wconf 91' lang='lat' dir='ltr'><strong>st</strong></span> <span class='ocrx_word' id='word_1_180' title='bbox 1420 2513 1465 2578; x_wconf 93' lang='lat' dir='ltr'><strong>sic</strong></span> 
     </span>
     <span class='ocr_line' id='line_1_22' title="bbox 339 2613 1465 2699; baseline 0.001 -22"><span class='ocrx_word' id='word_1_181' title='bbox 339 2631 396 2677; x_wconf 88' lang='lat' dir='ltr'><strong>nos</strong></span> <span class='ocrx_word' id='word_1_182' title='bbox 415 2615 601 2699; x_wconf 86' lang='lat' dir='ltr'><strong>intellegere</strong></span> <span class='ocrx_word' id='word_1_183' title='bbox 620 2614 740 2694; x_wconf 85' lang='lat' dir='ltr'><strong>dobere,</strong></span> <span class='ocrx_word' id='word_1_184' title='bbox 766 2617 887 2698; x_wconf 90' lang='lat' dir='ltr'><strong>qnando</strong></span> <span class='ocrx_word' id='word_1_185' title='bbox 902 2616 1057 2681; x_wconf 91' lang='lat' dir='ltr'><strong>Dominus</strong></span> <span class='ocrx_word' id='word_1_186' title='bbox 1078 2615 1246 2680; x_wconf 88' lang='lat' dir='ltr'><strong>adueniens</strong></span> <span class='ocrx_word' id='word_1_187' title='bbox 1267 2613 1417 2697; x_wconf 85' lang='lat' dir='ltr'><strong>baptismi</strong></span> <span class='ocrx_word' id='word_1_188' title='bbox 1432 2616 1465 2678; x_wconf 93' lang='lat' dir='ltr'><strong>et</strong></span> 
     </span>
     <span class='ocr_line' id='line_1_23' title="bbox 333 2714 1465 2799; baseline 0.004 -21"><span class='ocrx_word' id='word_1_189' title='bbox 333 2714 440 2780; x_wconf 92' lang='lat' dir='ltr'><strong>caliois</strong></span> <span class='ocrx_word' id='word_1_190' title='bbox 450 2715 700 2781; x_wconf 78' lang='lat' dir='ltr'><strong>manifestauerit</strong></span> <span class='ocrx_word' id='word_1_191' title='bbox 714 2719 891 2795; x_wconf 90' lang='lat' dir='ltr'><strong>ueritatem,</strong></span> <span class='ocrx_word' id='word_1_192' title='bbox 907 2717 961 2798; x_wconf 89' lang='lat' dir='ltr'><strong>qui</strong></span> <span class='ocrx_word' id='word_1_193' title='bbox 972 2735 1086 2799; x_wconf 89' lang='lat' dir='ltr'><strong>aquam</strong></span> <span class='ocrx_word' id='word_1_194' title='bbox 1100 2715 1191 2780; x_wconf 86' lang='lat' dir='ltr'><strong>illam</strong></span> <span class='ocrx_word' id='word_1_195' title='bbox 1202 2714 1336 2794; x_wconf 87' lang='lat' dir='ltr'><strong>fidelem,</strong></span> <span class='ocrx_word' id='word_1_196' title='bbox 1351 2735 1465 2799; x_wconf 88' lang='lat' dir='ltr'><strong>aquam</strong></span> 
     </span>
     <span class='ocr_line' id='line_1_24' title="bbox 334 2815 1466 2902; baseline 0.004 -21"><span class='ocrx_word' id='word_1_197' title='bbox 334 2815 420 2881; x_wconf 91' lang='lat' dir='ltr'><strong>uitae</strong></span> <span class='ocrx_word' id='word_1_198' title='bbox 433 2820 574 2882; x_wconf 88' lang='lat' dir='ltr'><strong>aeternae</strong></span> <span class='ocrx_word' id='word_1_199' title='bbox 588 2820 778 2902; x_wconf 86' lang='lat' dir='ltr'><strong>praeceperit</strong></span> <span class='ocrx_word' id='word_1_200' title='bbox 798 2818 993 2884; x_wconf 86' lang='lat' dir='ltr'><strong>credentibus</strong></span> <span class='ocrx_word' id='word_1_201' title='bbox 1007 2820 1041 2884; x_wconf 91' lang='lat' dir='ltr'><strong>in</strong></span> <span class='ocrx_word' id='word_1_202' title='bbox 1055 2818 1213 2901; x_wconf 89' lang='lat' dir='ltr'><strong>baptismo</strong></span> <span class='ocrx_word' id='word_1_203' title='bbox 1235 2817 1314 2896; x_wconf 88' lang='lat' dir='ltr'><strong>dari,</strong></span> <span class='ocrx_word' id='word_1_204' title='bbox 1337 2820 1466 2885; x_wconf 90' lang='lat' dir='ltr'><strong>calicem</strong></span> 
     </span>
     <span class='ocr_line' id='line_1_25' title="bbox 333 2920 1465 3006; baseline 0.005 -24"><span class='ocrx_word' id='word_1_205' title='bbox 333 2937 408 2985; x_wconf 87' lang='lat' dir='ltr'><strong>uero</strong></span> <span class='ocrx_word' id='word_1_206' title='bbox 424 2920 564 2986; x_wconf 87' lang='lat' dir='ltr'><strong>docuerit</strong></span> <span class='ocrx_word' id='word_1_207' title='bbox 578 2921 718 3003; x_wconf 82' lang='lat' dir='ltr'><strong>exemplo</strong></span> <span class='ocrx_word' id='word_1_208' title='bbox 732 2922 906 3006; x_wconf 85' lang='lat' dir='ltr'><strong>magisterii</strong></span> <span class='ocrx_word' id='word_1_209' title='bbox 922 2921 971 2986; x_wconf 91' lang='lat' dir='ltr'><strong>sui</strong></span> <span class='ocrx_word' id='word_1_210' title='bbox 986 2922 1053 2986; x_wconf 88' lang='lat' dir='ltr'><strong>uini</strong></span> <span class='ocrx_word' id='word_1_211' title='bbox 1076 2924 1109 2987; x_wconf 91' lang='lat' dir='ltr'><strong>et</strong></span> <span class='ocrx_word' id='word_1_212' title='bbox 1129 2940 1228 3004; x_wconf 87' lang='lat' dir='ltr'><strong>aquae</strong></span> <span class='ocrx_word' id='word_1_213' title='bbox 1252 2922 1465 2988; x_wconf 90' lang='lat' dir='ltr'><strong>coniunctione</strong></span> 
     </span>
    </p>
   </div>
   <div class='ocr_carea' id='block_1_3' title="bbox 437 3157 1000 3225">
    <p class='ocr_par' dir='ltr' id='par_1_3' title="bbox 437 3157 1000 3225">
     <span class='ocr_line' id='line_1_26' title="bbox 437 3157 1000 3225; baseline 0.005 -13"><span class='ocrx_word' id='word_1_214' title='bbox 437 3159 473 3213; x_wconf 91' lang='lat'><strong>10</strong></span> <span class='ocrx_word' id='word_1_215' title='bbox 488 3159 590 3214; x_wconf 80' lang='lat' dir='ltr'><strong>Mattb.</strong></span> <span class='ocrx_word' id='word_1_216' title='bbox 608 3157 633 3223; x_wconf 83' lang='lat'><strong>5,</strong></span> <span class='ocrx_word' id='word_1_217' title='bbox 651 3157 675 3213; x_wconf 86' lang='grc'><strong>6.</strong></span> <span class='ocrx_word' id='word_1_218' title='bbox 746 3160 836 3215; x_wconf 81' lang='lat'><strong>1310.</strong></span> <span class='ocrx_word' id='word_1_219' title='bbox 854 3161 879 3225; x_wconf 79' lang='lat'><strong>4,</strong></span> <span class='ocrx_word' id='word_1_220' title='bbox 899 3160 939 3214; x_wconf 91' lang='grc'><strong>13.</strong></span> <span class='ocrx_word' id='word_1_221' title='bbox 960 3162 1000 3215; x_wconf 87' lang='grc'><strong>14.</strong></span> 
     </span>
    </p>
   </div>
   <div class='ocr_carea' id='block_1_4' title="bbox 332 3348 1467 4368">
    <p class='ocr_par' dir='ltr' id='par_1_4' title="bbox 332 3348 1467 4368">
     <span class='ocr_line' id='line_1_27' title="bbox 386 3348 1406 3437; baseline 0.001 -20"><span class='ocrx_word' id='word_1_222' title='bbox 386 3365 607 3435; x_wconf 71' lang='lat' dir='ltr'><strong>rquneequs</strong></span> <span class='ocrx_word' id='word_1_223' title='bbox 725 3366 879 3437; x_wconf 74' lang='lat' dir='ltr'><strong>eposiao</strong></span> <span class='ocrx_word' id='word_1_224' title='bbox 999 3365 1148 3421; x_wconf 73' lang='lat' dir='ltr'><strong>amnuo</strong></span> <span class='ocrx_word' id='word_1_225' title='bbox 1267 3348 1366 3434; x_wconf 59' lang='lat' dir='ltr'><strong>equs}</strong></span> <span class='ocrx_word' id='word_1_226' title='bbox 1378 3366 1406 3419; x_wconf 84' lang='lat' dir='ltr'><strong><em>P</em></strong></span> 
     </span>
     <span class='ocr_line' id='line_1_28' title="bbox 335 3447 1402 3522; baseline 0.003 -19"><span class='ocrx_word' id='word_1_227' title='bbox 335 3447 540 3520; x_wconf 75' lang='lat' dir='ltr'><strong>tbaptismoQ</strong></span> <span class='ocrx_word' id='word_1_228' title='bbox 677 3452 778 3522; x_wconf 88' lang='lat' dir='ltr'><strong>autem]</strong></span> <span class='ocrx_word' id='word_1_229' title='bbox 795 3453 867 3507; x_wconf 88' lang='lat' dir='ltr'><strong>enim</strong></span> <span class='ocrx_word' id='word_1_230' title='bbox 878 3452 977 3508; x_wconf 85' lang='lat' dir='ltr'><strong>LOPr</strong></span> <span class='ocrx_word' id='word_1_231' title='bbox 1114 3450 1289 3521; x_wconf 84' lang='lat' dir='ltr'><strong>abaptinatis</strong></span> <span class='ocrx_word' id='word_1_232' title='bbox 1301 3450 1402 3506; x_wconf 86' lang='lat' dir='ltr'><strong>LOPo</strong></span> 
     </span>
     <span class='ocr_line' id='line_1_29' title="bbox 334 3522 1401 3608; baseline 0.005 -21"><span class='ocrx_word' id='word_1_233' title='bbox 334 3533 566 3608; x_wconf 65' lang='lat' dir='ltr'><strong>redhibendum]</strong></span> <span class='ocrx_word' id='word_1_234' title='bbox 585 3536 801 3594; x_wconf 60' lang='lat' dir='ltr'><strong>mmanums</strong></span> <span class='ocrx_word' id='word_1_235' title='bbox 935 3522 1069 3594; x_wconf 60' lang='lat' dir='ltr'><strong>suffia</strong></span> <span class='ocrx_word' id='word_1_236' title='bbox 1211 3535 1401 3606; x_wconf 80' lang='lat' dir='ltr'><strong>eloquituro</strong></span> 
     </span>
     <span class='ocr_line' id='line_1_30' title="bbox 334 3618 1401 3694; baseline 0.007 -22"><span class='ocrx_word' id='word_1_237' title='bbox 334 3618 360 3672; x_wconf 87' lang='lat' dir='ltr'><strong>si</strong></span> <span class='ocrx_word' id='word_1_238' title='bbox 372 3620 451 3675; x_wconf 88' lang='lat' dir='ltr'><strong>sitire</strong></span> <span class='ocrx_word' id='word_1_239' title='bbox 463 3620 511 3691; x_wconf 72' lang='lat' dir='ltr'><strong>Qu</strong></span> <span class='ocrx_word' id='word_1_240' title='bbox 647 3623 723 3679; x_wconf 88' lang='lat' dir='ltr'><strong>sitire</strong></span> <span class='ocrx_word' id='word_1_241' title='bbox 737 3625 883 3694; x_wconf 76' lang='lat' dir='ltr'><strong>scriptura·</strong></span> <span class='ocrx_word' id='word_1_242' title='bbox 894 3624 1002 3680; x_wconf 80' lang='lat' dir='ltr'><strong>diuina.</strong></span> <span class='ocrx_word' id='word_1_243' title='bbox 1011 3624 1039 3679; x_wconf 84' lang='lat' dir='ltr'><em>R</em></span> <span class='ocrx_word' id='word_1_244' title='bbox 1051 3641 1064 3678; x_wconf 92' lang='lat' dir='ltr'><strong>s</strong></span> <span class='ocrx_word' id='word_1_245' title='bbox 1076 3640 1145 3678; x_wconf 79' lang='lat' dir='ltr'><strong>ersa</strong></span> <span class='ocrx_word' id='word_1_246' title='bbox 1285 3623 1361 3677; x_wconf 88' lang='lat' dir='ltr'><strong>dicat</strong></span> <span class='ocrx_word' id='word_1_247' title='bbox 1373 3623 1401 3679; x_wconf 85' lang='lat' dir='ltr'><em>R</em></span> 
     </span>
     <span class='ocr_line' id='line_1_31' title="bbox 335 3696 1398 3780; baseline 0.005 -21"><span class='ocrx_word' id='word_1_248' title='bbox 335 3706 367 3759; x_wconf 89' lang='lat'><strong>11</strong></span> <span class='ocrx_word' id='word_1_249' title='bbox 385 3707 534 3761; x_wconf 86' lang='lat' dir='ltr'><strong>esurientes</strong></span> <span class='ocrx_word' id='word_1_250' title='bbox 551 3711 580 3761; x_wconf 91' lang='lat' dir='ltr'><strong>et</strong></span> <span class='ocrx_word' id='word_1_251' title='bbox 597 3707 723 3763; x_wconf 85' lang='lat' dir='ltr'><strong>sitientes</strong></span> <span class='ocrx_word' id='word_1_252' title='bbox 736 3696 780 3766; x_wconf 76' lang='lat' dir='ltr'><strong>Ita</strong></span> <span class='ocrx_word' id='word_1_253' title='bbox 918 3709 992 3779; x_wconf 85' lang='lat' dir='ltr'><strong>quial</strong></span> <span class='ocrx_word' id='word_1_254' title='bbox 1009 3709 1114 3780; x_wconf 86' lang='lat' dir='ltr'><strong>quidR</strong></span> <span class='ocrx_word' id='word_1_255' title='bbox 1251 3709 1398 3764; x_wconf 86' lang='lat' dir='ltr'><strong>sitienteS</strong></span> 
     </span>
     <span class='ocr_line' id='line_1_32' title="bbox 335 3791 1463 3867; baseline 0.004 -23"><span class='ocrx_word' id='word_1_256' title='bbox 335 3791 369 3845; x_wconf 78' lang='grc'><strong>12</strong></span> <span class='ocrx_word' id='word_1_257' title='bbox 381 3791 488 3861; x_wconf 87' lang='lat' dir='ltr'><strong>plenius</strong></span> <span class='ocrx_word' id='word_1_258' title='bbox 500 3810 549 3848; x_wconf 76' lang='lat' dir='ltr'><strong>ona</strong></span> <span class='ocrx_word' id='word_1_259' title='bbox 563 3794 592 3850; x_wconf 85' lang='lat' dir='ltr'><strong><em>B</em></strong></span> <span class='ocrx_word' id='word_1_260' title='bbox 707 3795 817 3850; x_wconf 86' lang='lat' dir='ltr'><strong>auditur</strong></span> <span class='ocrx_word' id='word_1_261' title='bbox 828 3797 864 3851; x_wconf 88' lang='grc' dir='ltr'><em>Μ</em></span> <span class='ocrx_word' id='word_1_262' title='bbox 875 3796 991 3865; x_wconf 86' lang='lat' dir='ltr'><strong>(auritur</strong></span> <span class='ocrx_word' id='word_1_263' title='bbox 1007 3796 1040 3867; x_wconf 77' lang='lat' dir='ltr'><strong>Q)</strong></span> <span class='ocrx_word' id='word_1_264' title='bbox 1162 3796 1195 3850; x_wconf 88' lang='lat'><strong>13</strong></span> <span class='ocrx_word' id='word_1_265' title='bbox 1207 3797 1398 3849; x_wconf 85' lang='lat' dir='ltr'><strong>samaritanam</strong></span> <span class='ocrx_word' id='word_1_266' title='bbox 1410 3796 1463 3860; x_wconf 65' lang='grc' dir='ltr'><strong>ΡΙ,</strong></span> 
     </span>
     <span class='ocr_line' id='line_1_33' title="bbox 332 3879 1464 3952; baseline 0.006 -22"><span class='ocrx_word' id='word_1_267' title='bbox 332 3879 491 3932; x_wconf 86' lang='lat' dir='ltr'><strong>samaritam</strong></span> <span class='ocrx_word' id='word_1_268' title='bbox 504 3879 584 3936; x_wconf 82' lang='lat' dir='ltr'><strong>LRS</strong></span> <span class='ocrx_word' id='word_1_269' title='bbox 675 3880 775 3952; x_wconf 87' lang='lat' dir='ltr'><strong>dicens]</strong></span> <span class='ocrx_word' id='word_1_270' title='bbox 788 3883 851 3936; x_wconf 78' lang='lat' dir='ltr'><strong>adol</strong></span> <span class='ocrx_word' id='word_1_271' title='bbox 864 3882 907 3938; x_wconf 83' lang='lat' dir='ltr'><strong>R:</strong></span> <span class='ocrx_word' id='word_1_272' title='bbox 918 3881 969 3936; x_wconf 88' lang='lat' dir='ltr'><strong>hoc</strong></span> <span class='ocrx_word' id='word_1_273' title='bbox 981 3886 1072 3937; x_wconf 82' lang='lat' dir='ltr'><strong>autem</strong></span> <span class='ocrx_word' id='word_1_274' title='bbox 1083 3882 1153 3937; x_wconf 85' lang='lat' dir='ltr'><strong>dixit</strong></span> <span class='ocrx_word' id='word_1_275' title='bbox 1248 3882 1282 3936; x_wconf 83' lang='lat'><strong>14</strong></span> <span class='ocrx_word' id='word_1_276' title='bbox 1294 3923 1300 3935; x_wconf 93' lang='lat'><em>.</em></span> <span class='ocrx_word' id='word_1_277' title='bbox 1313 3881 1416 3936; x_wconf 87' lang='lat' dir='ltr'><strong>Iterum</strong></span> <span class='ocrx_word' id='word_1_278' title='bbox 1428 3882 1464 3948; x_wconf 81' lang='lat' dir='ltr'><strong>L,</strong></span> 
     </span>
     <span class='ocr_line' id='line_1_34' title="bbox 333 3962 1465 4039; baseline 0.007 -24"><span class='ocrx_word' id='word_1_279' title='bbox 333 3987 360 4016; x_wconf 71' lang='lat' dir='ltr'><em>u</em></span> <span class='ocrx_word' id='word_1_280' title='bbox 372 3962 472 4017; x_wconf 86' lang='lat' dir='ltr'><strong>iterum</strong></span> <span class='ocrx_word' id='word_1_281' title='bbox 484 3964 522 4019; x_wconf 77' lang='lat' dir='ltr'><strong><em>M</em></strong></span> <span class='ocrx_word' id='word_1_282' title='bbox 531 3965 578 4035; x_wconf 74' lang='lat' dir='ltr'><strong>(ur</strong></span> <span class='ocrx_word' id='word_1_283' title='bbox 590 3968 681 4034; x_wconf 75' lang='lat' dir='ltr'><strong>erac),</strong></span> <span class='ocrx_word' id='word_1_284' title='bbox 693 3966 799 4022; x_wconf 83' lang='lat' dir='ltr'><strong>iterum</strong></span> <span class='ocrx_word' id='word_1_285' title='bbox 813 3967 849 4022; x_wconf 82' lang='lat' dir='ltr'><strong>Et</strong></span> <span class='ocrx_word' id='word_1_286' title='bbox 861 3967 1002 4037; x_wconf 77' lang='lat' dir='ltr'><strong>iterum&#39;Q</strong></span> <span class='ocrx_word' id='word_1_287' title='bbox 1110 3966 1250 4022; x_wconf 80' lang='lat' dir='ltr'><strong>beberitS</strong></span> <span class='ocrx_word' id='word_1_288' title='bbox 1356 3968 1390 4021; x_wconf 82' lang='lat'><strong>16</strong></span> <span class='ocrx_word' id='word_1_289' title='bbox 1402 3967 1465 4039; x_wconf 86' lang='lat' dir='ltr'><strong>quo]</strong></span> 
     </span>
     <span class='ocr_line' id='line_1_35' title="bbox 334 4048 1467 4125; baseline 0.005 -22"><span class='ocrx_word' id='word_1_290' title='bbox 334 4048 406 4117; x_wconf 92' lang='lat' dir='ltr'><strong>quod</strong></span> <span class='ocrx_word' id='word_1_291' title='bbox 421 4049 510 4121; x_wconf 64' lang='lat' dir='ltr'><strong>QR&amp;</strong></span> <span class='ocrx_word' id='word_1_292' title='bbox 528 4052 564 4118; x_wconf 64' lang='grc' dir='ltr'><strong>εἰ.</strong></span> <span class='ocrx_word' id='word_1_293' title='bbox 580 4056 661 4120; x_wconf 83' lang='lat'><strong>712,7</strong></span> <span class='ocrx_word' id='word_1_294' title='bbox 797 4057 826 4108; x_wconf 90' lang='lat' dir='ltr'><strong>et</strong></span> <span class='ocrx_word' id='word_1_295' title='bbox 836 4054 893 4123; x_wconf 91' lang='lat' dir='ltr'><strong>ipso</strong></span> <span class='ocrx_word' id='word_1_296' title='bbox 906 4052 995 4118; x_wconf 88' lang='lat' dir='ltr'><strong>LOP,</strong></span> <span class='ocrx_word' id='word_1_297' title='bbox 1014 4058 1043 4109; x_wconf 85' lang='lat' dir='ltr'><strong>et</strong></span> <span class='ocrx_word' id='word_1_298' title='bbox 1055 4053 1084 4109; x_wconf 91' lang='lat' dir='ltr'><strong>in</strong></span> <span class='ocrx_word' id='word_1_299' title='bbox 1096 4054 1154 4125; x_wconf 90' lang='lat' dir='ltr'><strong>ipso</strong></span> <span class='ocrx_word' id='word_1_300' title='bbox 1170 4053 1200 4122; x_wconf 79' lang='lat' dir='ltr'><strong>Q,</strong></span> <span class='ocrx_word' id='word_1_301' title='bbox 1219 4056 1247 4107; x_wconf 85' lang='lat' dir='ltr'><strong>et</strong></span> <span class='ocrx_word' id='word_1_302' title='bbox 1259 4053 1347 4124; x_wconf 88' lang='lat' dir='ltr'><strong>ipsum</strong></span> <span class='ocrx_word' id='word_1_303' title='bbox 1359 4072 1383 4118; x_wconf 90' lang='lat' dir='ltr'><strong>o,</strong></span> <span class='ocrx_word' id='word_1_304' title='bbox 1396 4054 1467 4120; x_wconf 78' lang='lat' dir='ltr'><strong>etS,</strong></span> 
     </span>
     <span class='ocr_line' id='line_1_36' title="bbox 333 4123 1433 4211; baseline 0.006 -22"><span class='ocrx_word' id='word_1_305' title='bbox 333 4135 426 4190; x_wconf 63' lang='lat' dir='ltr'><strong>aaa</strong></span> <span class='ocrx_word' id='word_1_306' title='bbox 549 4138 758 4210; x_wconf 64' lang='lat' dir='ltr'><strong>ructando</strong></span> <span class='ocrx_word' id='word_1_307' title='bbox 878 4123 1018 4211; x_wconf 63' lang='lat' dir='ltr'><strong>roffio</strong></span> <span class='ocrx_word' id='word_1_308' title='bbox 1137 4139 1433 4209; x_wconf 77' lang='lat' dir='ltr'><strong>aoappouetionemP</strong></span> 
     </span>
     <span class='ocr_line' id='line_1_37' title="bbox 334 4222 1433 4297; baseline 0.008 -24"><span class='ocrx_word' id='word_1_309' title='bbox 334 4222 433 4293; x_wconf 85' lang='lat' dir='ltr'><strong>aquae]</strong></span> <span class='ocrx_word' id='word_1_310' title='bbox 446 4239 485 4292; x_wconf 64' lang='lat' dir='ltr'><strong>eq.</strong></span> <span class='ocrx_word' id='word_1_311' title='bbox 502 4222 604 4294; x_wconf 76' lang='lat' dir='ltr'><strong>Q(atq.</strong></span> <span class='ocrx_word' id='word_1_312' title='bbox 617 4223 665 4293; x_wconf 78' lang='lat' dir='ltr'><strong>M)</strong></span> <span class='ocrx_word' id='word_1_313' title='bbox 776 4225 993 4297; x_wconf 81' lang='lat' dir='ltr'><strong>significaturum</strong></span> <span class='ocrx_word' id='word_1_314' title='bbox 1005 4226 1039 4281; x_wconf 74' lang='lat'><strong>8¹</strong></span> <span class='ocrx_word' id='word_1_315' title='bbox 1158 4227 1192 4282; x_wconf 75' lang='lat'><strong>21</strong></span> <span class='ocrx_word' id='word_1_316' title='bbox 1204 4225 1328 4283; x_wconf 91' lang='lat' dir='ltr'><strong>dominus</strong></span> <span class='ocrx_word' id='word_1_317' title='bbox 1340 4245 1390 4283; x_wconf 86' lang='lat' dir='ltr'><strong>om.</strong></span> <span class='ocrx_word' id='word_1_318' title='bbox 1404 4227 1433 4282; x_wconf 77' lang='lat' dir='ltr'><strong><em>R</em></strong></span> 
     </span>
     <span class='ocr_line' id='line_1_38' title="bbox 333 4305 1211 4368; baseline 0.01 -9"><span class='ocrx_word' id='word_1_319' title='bbox 333 4305 510 4363; x_wconf 84' lang='lat' dir='ltr'><strong>inaduenieus</strong></span> <span class='ocrx_word' id='word_1_320' title='bbox 523 4308 645 4364; x_wconf 86' lang='lat' dir='ltr'><strong>matismi</strong></span> <span class='ocrx_word' id='word_1_321' title='bbox 656 4309 685 4365; x_wconf 83' lang='lat' dir='ltr'><em>R</em></span> <span class='ocrx_word' id='word_1_322' title='bbox 787 4315 816 4367; x_wconf 89' lang='lat' dir='ltr'><strong>et</strong></span> <span class='ocrx_word' id='word_1_323' title='bbox 827 4328 878 4367; x_wconf 74' lang='lat' dir='ltr'><strong>oea</strong></span> <span class='ocrx_word' id='word_1_324' title='bbox 891 4312 915 4368; x_wconf 82' lang='lat' dir='ltr'><strong><em>S</em></strong></span> <span class='ocrx_word' id='word_1_325' title='bbox 1015 4311 1051 4366; x_wconf 76' lang='lat'><strong>23</strong></span> <span class='ocrx_word' id='word_1_326' title='bbox 1063 4315 1172 4368; x_wconf 86' lang='lat' dir='ltr'><strong>aeterna</strong></span> <span class='ocrx_word' id='word_1_327' title='bbox 1187 4312 1211 4367; x_wconf 88' lang='grc' dir='ltr'><strong><em>Ο</em></strong></span> 
     </span>
    </p>
   </div>
   <div class='ocr_carea' id='block_1_5' title="bbox 1189 4400 1263 4467">
    <p class='ocr_par' dir='ltr' id='par_1_5' title="bbox 1189 4400 1263 4467">
     <span class='ocr_line' id='line_1_39' title="bbox 1189 4400 1263 4467; baseline 0 -27"><span class='ocrx_word' id='word_1_328' title='bbox 1189 4400 1263 4467; x_wconf 65' lang='lat'><strong>45*</strong></span> 
     </span>
    </p>
   </div>
   <div class='ocr_carea' id='block_1_6' title="bbox 0 0 1790 4936">
    <p class='ocr_par' dir='ltr' id='par_1_6' title="bbox 0 0 1790 4936">
     <span class='ocr_line' id='line_1_40' title="bbox 0 0 1790 4936; baseline 0 1"><span class='ocrx_word' id='word_1_329' title='bbox 0 0 1790 4936; x_wconf 95' lang='lat' dir='ltr'><strong> </strong></span> 
     </span>
    </p>
   </div>
  </div>
 </body>
</html>
