3570 4936
565 370 746 443 Epistulae
762 371 884 426 lxxv.
901 388 923 427 c
941 373 1018 428 6-9.
1286 373 1352 441 815

223 549 355 599 manum
368 529 535 615 inponendi
550 532 582 596 et
596 527 756 595 ordinandi
770 527 930 610 possident
943 530 1143 611 potestatem.
1158 529 1350 597 haereticum

224 634 311 701 enim
325 633 408 700 sicut
422 634 563 701 ordinare
577 633 726 700 nonlicet
740 649 797 697 noc
811 633 1109 717 manuminponere,
1124 634 1170 700 ita
1180 653 1236 700 nec
1245 632 1350 717 bapti·

226 756 297 805 zare
317 755 374 802 uec
396 739 562 822 quicquam
582 740 686 805 sancte
701 736 733 801 ct
748 734 934 818 spiritaliter
954 754 1068 820 gerere,
1089 739 1213 822 quando
1232 738 1350 805 alienus

227 842 271 908 sit
285 841 450 924 aspIritali
463 846 495 907 et
508 842 616 908 deifica
630 840 805 908 sanctitate.
822 837 905 921 qnod
919 839 1022 903 totum
1036 859 1092 907 nos
1105 843 1170 908 iam
1184 843 1304 925 pridem
1318 842 1351 907 in

203 944 332 1020 alconio
346 945 401 1028 qni
414 945 570 1032 Phrygiae
584 946 669 1012 locus
685 947 733 1010 est
747 941 871 1010 collecti
885 942 919 1007 in
934 959 1032 1005 unum
1047 945 1299 1011 conuenientibus
1314 964 1351 1011 ex

226 1046 353 1116 Gahtia
373 1051 406 1114 et
421 1047 530 1115 Cilicia
550 1052 582 1115 et
601 1049 709 1115 ceteris
731 1045 880 1133 proximis
901 1044 1079 1128 regionibus
1101 1047 1351 1115 confirmauimus

225 1152 394 1217 tenendum
410 1155 517 1219 contra
530 1154 700 1220 haereticos
716 1152 850 1217 firmiter
865 1152 898 1214 et
912 1147 1145 1228 uindicandum,
1161 1170 1233 1217 cum
1247 1170 1267 1217 a
1281 1153 1351 1235 qui·

226 1254 357 1321 busdam
373 1256 412 1321 de
426 1256 489 1322 iata
503 1275 536 1321 re
552 1256 756 1322 dubitaretur.

271 1357 314 1423 Ει
341 1359 488 1442 quoniam
515 1357 688 1441 Stephanus
718 1360 750 1424 et
778 1358 833 1440 qui
862 1357 913 1421 illi
942 1355 1138 1420 consentiunt
1166 1356 1382 1422 contenduntd

192 1484 220 1524 ro
229 1462 443 1529 dimissionem
468 1464 665 1545 peccatorum
691 1463 723 1526 et
748 1459 914 1525 secundam
939 1456 1142 1523 natiuitatem
1163 1457 1197 1537 iu
1218 1458 1353 1524 haereti·

227 1584 333 1632 corum
348 1565 503 1648 baptisma
516 1582 604 1646 pesae
618 1557 791 1646 precedere,
807 1561 889 1644 apud
902 1577 978 1643 quoa
990 1560 1086 1625 etiam
1097 1561 1157 1642 ipsi
1170 1560 1354 1628 confitentur

226 1670 375 1755 spiritum
390 1671 532 1734 sanctum
546 1686 606 1731 nou
622 1685 697 1745 esse,
721 1665 915 1730 considerent
929 1666 961 1728 at
976 1664 1164 1749 intellegant
1178 1665 1352 1747 spiritalem

159 1843 161 1848 ¹
226 1772 429 1837 natiuitatem
443 1770 510 1834 sino
524 1769 637 1851 spiritu
653 1786 718 1835 esse
732 1785 795 1833 uon
808 1785 907 1851 posse,
924 1764 1091 1832 secundum
1107 1768 1188 1850 quod
1200 1769 1232 1832 et
1244 1769 1354 1834 beatus

227 1873 387 1956 apostolus
398 1872 515 1936 Paulus
530 1889 580 1936 eos
592 1872 646 1955 qni
657 1871 696 1936 ab
708 1871 843 1936 Iohanne
857 1870 1008 1954 baptizati
1023 1869 1156 1950 fueraut,
1172 1871 1353 1955 prinsquam

190 2003 215 2043 ra
224 1974 340 2041 missus
351 1975 432 2040 asset
443 1994 462 2039 a
472 1973 604 2040 Domino
620 1974 747 2057 spiritus
763 1976 900 2052 sanctus,
915 1974 1091 2056 baptizanit
1106 1975 1204 2041 denuo
1216 1975 1354 2057 spiritali

224 2078 381 2163 baptismo
402 2080 433 2145 et
447 2080 492 2145 sic
506 2079 551 2143 eis
565 2099 692 2144 manum
707 2079 846 2161 inposuit
860 2079 898 2142 ut
913 2078 1087 2160 acciperent
1101 2078 1249 2159 spiritum
1264 2096 1353 2143 sauc-

225 2183 304 2247 tum.
332 2182 426 2264 quale
446 2185 494 2247 est
516 2186 622 2248 autom
642 2185 679 2247 ιιι
694 2201 766 2248 cum
781 2181 917 2246 Paulum
938 2183 1009 2263 post
1029 2180 1175 2246 Iohannis
1195 2180 1353 2264 baptisma

223 2283 338 2350 iterato
364 2285 533 2367 discipulos
563 2304 634 2351 suos
663 2285 837 2369 baptizasse
867 2283 1041 2360 uideamus,
1070 2302 1125 2348 nos
1155 2301 1206 2348 eos
1233 2285 1286 2366 qni
1312 2284 1351 2348 ab

225 2384 346 2452 haeresi
366 2387 405 2452 ad
425 2387 595 2462 ecelesiam
607 2388 737 2454 ueniunt
757 2390 829 2469 post
849 2386 1005 2452 inlicitam
1020 2388 1052 2450 et
1066 2386 1227 2468 profanam
1247 2404 1353 2451 eorum

190 2489 409 2554 retinctiouem
444 2490 600 2572 baptizare
634 2490 836 2555 dubitemus?
871 2489 932 2554 nisi
968 2488 995 2552 si
1028 2489 1077 2554 his
1115 2489 1264 2571 episcopis
1298 2490 1353 2572 qui

224 2608 307 2656 nunc
326 2591 429 2657 minor
448 2591 510 2656 fuit
525 2591 653 2671 Paulus,
675 2593 711 2657 nt
725 2592 759 2656 hi
774 2591 901 2673 quidem
920 2591 1041 2673 possint
1061 2609 1115 2673 per
1129 2592 1228 2657 solam
1242 2610 1353 2656 manns

224 2692 444 2777 inpositionem
458 2695 655 2760 uenientibus
668 2693 834 2760 haereticis
848 2695 922 2758 dare
937 2693 1084 2775 spiritum
1098 2696 1252 2772 sanctum,
1268 2693 1353 2759 Pau·

224 2792 275 2860 lus
296 2799 404 2861 autem
418 2796 546 2861 idoneus
560 2815 622 2862 uon
636 2795 732 2862 fuant
747 2797 801 2878 qni
817 2795 856 2861 ab
872 2795 1008 2860 Iohanne
1022 2793 1191 2878 baptizatis
1205 2797 1352 2880 spiritum

226 2899 368 2964 sanctum
393 2917 448 2982 per
473 2917 582 2965 manus
608 2899 826 2981 inpositionem
855 2898 953 2976 daret,
979 2897 1040 2963 nisi
1067 2916 1118 2965 eos
1144 2899 1231 2982 prins
1256 2901 1354 2978 etiam

190 3022 216 3065 aa
227 3001 373 3067 ecclesiae
391 3001 549 3083 baptismo
563 3003 762 3086 baptizasset.

268 3104 356 3170 Illud
370 3121 490 3187 qnoque
506 3104 674 3169 absurdum
688 3105 771 3186 quod
786 3122 847 3170 uon
861 3104 975 3185 putant
986 3104 1195 3186 quaerendum
1206 3123 1272 3170 esse
1282 3105 1383 3187 quise

224 3206 269 3272 sit
288 3206 344 3272 ille
359 3207 413 3290 qui
428 3207 644 3290 baptizauerit‚
666 3225 701 3271 eo
717 3207 799 3289 quod
813 3207 867 3290 qui
883 3206 1060 3288 baptisatus
1075 3208 1117 3272 ιιι
1134 3207 1267 3292 gratiam
1282 3226 1353 3274 con·

226 3310 314 3392 sequi
328 3311 468 3395 potuerit
477 3310 622 3376 inuocata
633 3311 776 3376 triuitete
787 3310 949 3376 nominum
960 3311 1058 3395 patris
1070 3313 1103 3377 et
1113 3310 1172 3376 ilii
1184 3313 1215 3376 et
1225 3311 1354 3394 spiritus

227 3413 336 3477 sancti.
353 3412 464 3478 deinde
478 3412 553 3478 haec
567 3415 627 3479 erit
641 3412 795 3496 sapientia
808 3433 903 3496 quam
918 3413 1028 3478 scribit
1043 3413 1161 3479 Paulus
1176 3433 1242 3480 esse
1255 3414 1289 3479 in
1303 3413 1353 3479 his

189 3515 280 3597 eqni
301 3516 431 3599 perfecti
452 3520 535 3594 sunt,
558 3521 594 3584 ιιι
615 3519 667 3601 qui
689 3519 738 3582 est
752 3517 786 3582 in
801 3517 931 3583 ecclesia
944 3516 1100 3599 periectos
1115 3518 1148 3582 ct
1161 3517 1282 3601 sapiens
1297 3517 1355 3583 hoc

277 3773 387 3826 lmauu
398 3772 436 3826 M
445 3773 564 3842 (manum
580 3773 613 3843 Q)
698 3772 863 3828 haereticae
948 3771 1014 3844 ees]
1027 3789 1075 3829 uec
1086 3790 1111 3838 e,
1123 3777 1172 3828 aut
1184 3774 1321 3830 Manliae

222 3857 332 3929 dquod]
346 3874 398 3928 quo
415 3857 438 3929 Q
523 3859 709 3931 dgahthial
791 3864 819 3914 et
829 3860 1010 3915 ciliciaoaae
1095 3860 1321 3933 11quoelqu00

225 3943 259 3998 13
270 3945 458 4016 natiuitatem]
470 3946 499 4000 iu
511 3945 689 4035 hmffimmm
700 3947 839 4035 baptisma
850 3946 918 4035 odd
930 3946 1041 4035 Qccp·
1052 3951 1119 4003 Μ
1213 3949 1247 4004 14
1257 3950 1354 4018 paulus

222 4029 396 4099 apostolusI
525 4033 559 4087 15
570 4050 616 4104 sps
628 4050 669 4088 sos
682 4033 762 4089 adno
776 4032 913 4098 landun
925 4049 967 4086 coa
980 4032 1033 4104 EQ
1164 4035 1258 4104 20qui
1268 4034 1355 4106 ΜΨ,

221 4115 320 4185 quibus
332 4117 384 4173 EI
384 4116 432 4188 ρ’,
451 4116 484 4171 de
501 4119 599 4188 quibus
617 4122 687 4176 corsi.
701 4120 852 4189 Parasitus,
873 4119 920 4190 qui
937 4124 1002 4175 snut
1013 4121 1080 4174 coel
1093 4119 1205 4189 acara-
1225 4120 1274 4174 sed
1285 4121 1356 4176 nibal

221 4203 386 4259 mutandam
463 4204 671 4275 28poterItMc
748 4208 869 4263 .Inuoca
879 4206 1034 4263 trinitatem
1044 4206 1096 4261 EI
1167 4206 1201 4261 29
1215 4207 1359 4274 emmas

221 4304 319 4346 aeros.
332 4296 423 4362 (quam
440 4291 472 4363 Q)
584 4291 1036 4366 contemnemdum
1144 4291 1204 4362 hoo]
1216 4291 1265 4361 qui
1276 4291 1358 4351 hoco
