3570 4936
725 351 888 420 Epistula
906 351 1085 407 au-uvl.
1407 355 1471 422 649

328 511 408 591 acie,
429 527 542 577 nomon
558 507 685 574 Domini
707 507 858 574 confessos
880 527 956 586 esse,
980 508 1158 575 uiolentiam
1178 511 1423 596 magistratuum
1438 513 1471 577 ot

332 614 440 698 populi
455 611 588 679 furentis
602 612 761 679 incursum
776 610 936 679 inmobilis
952 611 1025 678 fidei
1039 612 1245 680 obstinatione
1261 616 1382 701 uicisse,
1398 633 1471 700 pas·

334 735 384 784 sos
399 735 466 782 esse
480 733 645 800 cmcerem,
662 716 717 780 diu
732 717 815 781 inter
828 717 930 782 minas
941 715 1133 798 proconsulis
1144 717 1176 780 et
1187 715 1349 785 fremitum
1362 719 1469 804 populi

288 851 290 856 ·
331 818 564 888 eueumsunra
578 819 742 885 tormentis
758 819 952 886 laniantibus
964 839 1000 885 ac
1014 819 1107 905 longa
1121 818 1284 886 iteratione
1300 823 1469 890 mactanti·

308 925 392 991 abus
402 940 600 1008 repugnasse,
617 925 653 989 ut
665 923 746 1004 quod
757 923 790 988 in
801 925 973 989 nouissimo
988 921 1172 989 infirmitate
1187 924 1288 989 carnis
1303 926 1469 992 subactum

331 1026 459 1092 uidetur
487 1025 683 1092 meritorum.
702 1026 952 1107 praecedentium
982 1025 1158 1092 defensione
1187 1026 1344 1093 releuetnr
1369 1031 1401 1094 et
1426 1030 1470 1095 sit

331 1129 410 1195 satis
435 1129 556 1194 talibus
582 1128 716 1213 gloriam
742 1129 924 1212 perdidisse,
952 1150 1012 1196 non
1034 1133 1141 1196 tamen
1162 1129 1272 1195 debere
1294 1148 1350 1196 nos
1373 1132 1471 1198 cisat

330 1232 440 1298 ueniae
465 1232 570 1298 locum
596 1232 720 1299 cludere
744 1233 844 1315 adque
870 1252 922 1300 eos
943 1253 962 1300 a
982 1235 1113 1316 paterna
1135 1233 1252 1316 pietate
1275 1235 1306 1298 et
1327 1237 1471 1302 anostra

331 1336 611 1402 communicatione
641 1336 781 1419 priuare:
817 1338 931 1420 quibus
960 1339 1148 1404 aetimamus
1177 1336 1218 1403 ad
1246 1336 1470 1420 deprecandam

296 1440 533 1507 roolementiam
558 1439 687 1506 Domini
712 1460 800 1524 posse
825 1440 967 1507 sufficere
993 1442 1075 1524 quod
1101 1442 1271 1507 triennium
1296 1442 1413 1526 iugiter
1438 1445 1470 1508 at

330 1544 472 1611 dolenter
500 1535 544 1608 ut¹
567 1540 706 1609 scribitis
741 1563 812 1609 cum
848 1562 972 1609 summa
1008 1543 1216 1627 paenitentiae
1248 1544 1470 1610 lamentatione

329 1647 526 1730 planxerunt.
554 1647 637 1711 certe
662 1665 722 1711 non
743 1647 820 1730 puto
843 1646 967 1712 incaute
989 1648 1021 1711 et
1043 1649 1160 1711 temero
1182 1631 1231 1711 his
1253 1665 1360 1729 pacem
1385 1665 1470 1712 com·

329 1749 417 1815 mitti
440 1768 518 1832 quos
540 1750 686 1815 uidemus
708 1749 844 1814 militiae
867 1767 940 1814 suae
963 1748 1147 1814 fortitudine
1168 1768 1224 1814 nec
1244 1750 1330 1832 prius
1345 1768 1467 1833 pugnae

329 1851 478 1931 doluisse,
507 1854 539 1918 et
553 1854 580 1918 ai
595 1854 677 1919 acies
703 1854 799 1919 etiam
825 1853 925 1919 denuo
951 1853 1084 1935 uenerit,
1112 1851 1245 1936 gloriam
1270 1870 1359 1918 snam
1383 1870 1472 1935 posse

300 1984 325 2024 ss
336 1974 489 2038 reparare.
512 1975 587 2050 nam
607 1975 679 2022 cum
694 1956 726 2021 in
740 1955 870 2022 concilio
890 1955 1044 2038 placuerit
1063 1954 1287 2037 paenitentiam
1307 1956 1473 2040 agentibus

330 2062 364 2127 in
378 2058 576 2125 infirmitatis
591 2059 729 2142 periculo
745 2060 904 2124 subueniri
921 2061 953 2125 ot
967 2077 1077 2141 pacem
1092 2058 1171 2137 dari,
1187 2058 1300 2124 debent
1314 2060 1423 2141 utique
1438 2060 1473 2125 in

329 2162 511 2246 accipienda
531 2181 605 2246 pace
626 2163 806 2246 praecedere
826 2181 903 2248 quos
924 2162 1070 2227 uidemus
1091 2179 1152 2226 non
1172 2161 1269 2226 animi
1288 2161 1473 2228 infirmitate

330 2265 489 2345 cecidisse,
513 2266 568 2330 sed
588 2266 621 2330 in
641 2265 757 2350 proelio
780 2283 961 2350 congressos
983 2266 1015 2329 ot
1036 2265 1215 2330 uulneratos
1240 2282 1295 2346 per
1317 2265 1472 2330 inbecilli·

331 2369 432 2434 tatem
459 2369 560 2434 carnis
587 2369 786 2435 confessionis
813 2387 887 2434 suae
911 2385 1056 2432 coronam
1080 2384 1141 2432 non
1163 2367 1302 2451 potuisse
1328 2367 1472 2451 perferre,

293 2473 468 2539 aomarime
498 2491 570 2537 cum
600 2473 797 2555 cupientibus
823 2473 991 2537 morinos
1017 2470 1253 2553 permitteretur
1277 2470 1384 2548 occidi,
1418 2473 1473 2537 sed

331 2565 453 2639 tamdiu
470 2573 567 2640 fessos
581 2575 739 2639 tormenta
753 2572 908 2639 laniarent
923 2571 1074 2655 quamdiu
1088 2589 1149 2636 non
1160 2570 1254 2636 fidem
1267 2590 1343 2654 quae
1354 2572 1473 2638 inuicta

278 2681 289 2694 “
332 2676 382 2742 est
396 2676 565 2754 uincerent,
581 2676 637 2741 ssd
651 2694 774 2741 carnem
789 2694 868 2758 quas
883 2674 1010 2740 infirma
1025 2675 1073 2739 est
1088 2672 1269 2759 fatigarent.

376 2774 532 2856 Quoniam
554 2779 662 2844 tamen
684 2777 855 2859 scripsistis
877 2779 914 2842 ut
938 2795 1010 2841 cum
1036 2776 1179 2859 pluribus
1203 2776 1330 2863 collegis
1354 2777 1392 2843 de
1414 2777 1502 2848 host

331 2883 400 2966 ipso
422 2881 604 2965 plenissime
626 2881 759 2946 traotm
779 2880 812 2946 et
825 2898 875 2946 res
895 2881 985 2946 tanta
1005 2881 1103 2965 exigit
1122 2881 1224 2946 maim
1246 2884 1278 2946 et
1293 2882 1418 2965 pensius
1433 2867 1493 2948 de¹

296 2986 507 3054 „maurum
527 2985 700 3051 conlatione
717 2983 883 3050 consilium
898 2986 930 3050 et
943 3003 1026 3049 nunc
1039 3001 1146 3049 omnes
1160 2984 1224 3049 fera
1238 2983 1320 3051 inter
1334 2984 1473 3050 Paschae
1555 3060 1558 3068 .

332 3086 824 3174 primasollsmniuapudsecum
832 3087 982 3154 fratribus
995 3088 1203 3172 demorantur,
1216 3087 1473 3170 quandosollem·

334 3191 640 3259 nitaticelebrandae
650 3190 733 3274 apud
745 3209 816 3258 suos
828 3191 1038 3259 satisfecerint
1046 3191 1183 3257 atadma
1191 3189 1297 3256 urenire
1305 3181 1472 3276 coeperint,

390 3431 406 3485 1
419 3429 465 3485 dei
477 3430 508 3485 F
606 3429 800 3499 magistratum
814 3430 878 3486 ΒΜ
975 3435 1004 3484 ct
1015 3447 1065 3485 crru
1079 3429 1204 3485 BLMN
1295 3428 1475 3486 iimmobiles

337 3516 406 3573 ΜΝ
443 3549 447 3554 ·
482 3518 501 3572 8
512 3515 632 3571 consulis
644 3516 674 3571 P
746 3515 871 3571 fremitus
883 3516 911 3571 B
988 3515 1279 3571 semenstrem
1355 3515 1475 3572 bnobis·

334 3603 410 3658 simo
422 3603 454 3659 F
531 3602 722 3657 infirmitatem
735 3601 888 3659 BFLMN
961 3603 978 3657 6
990 3601 1138 3658 defossione
1150 3601 1250 3666 LMN,
1262 3589 1401 3672 depssione
1413 3602 1442 3658 B

336 3689 476 3745 reueletur
488 3688 545 3744 Fa
606 3689 653 3760 sit]
667 3689 692 3742 si
704 3687 732 3743 Β
794 3688 812 3744 9
824 3689 1012 3744 emstimamus
1024 3705 1041 3744 o
1102 3687 1137 3743 10
1147 3688 1265 3744 triennio
1277 3688 1441 3746 BLMNPo

334 3775 377 3847 et]
390 3791 450 3832 aoo
529 3776 563 3830 11
571 3775 747 3846 paenitentia
758 3774 824 3830 ΒΜ
903 3776 937 3830 12
948 3776 985 3846 et]
998 3775 1050 3831 hac
1062 3774 1097 3839 B,
1111 3790 1161 3829 orn.
1174 3775 1268 3831 mr
1346 3776 1381 3831 14
1392 3777 1475 3831 etism

337 3879 389 3919 our.
406 3862 433 3916 V
510 3861 668 3916 lucensius
681 3859 720 3914 Μ
784 3863 898 3930 agentes
910 3860 1036 3916 FLMN
1101 3861 1135 3915 16
1147 3860 1177 3914 in
1188 3877 1240 3916 om.
1252 3853 1345 3916 VIM
1413 3862 1476 3917 snb-

337 3950 434 4005 nanim
445 3948 472 4003 L
557 3947 595 4002 20
606 3963 667 4002 oum
679 3963 714 4002 ex
725 3963 774 4003 con
786 3948 823 4003 M
833 3965 867 4002 ou
881 3951 902 4001 2
983 3947 1207 4016 permitterentur
1220 3945 1288 4001 3¹11
1373 3947 1407 4002 21
1421 3948 1475 4002 iam

337 4036 387 4092 diu
398 4037 458 4092 FN
559 4034 650 4089 inuita
662 4033 712 4098 11¹,
733 4034 808 4089 uicta
819 4033 851 4088 F
951 4034 987 4088 23
998 4033 1123 4103 plurimis
1138 4031 1165 4085 V
1177 4032 1302 4104 (plurimi
1319 4034 1437 4105 collegae
1453 4035 1480 4091 V

336 4129 398 4179 teat.
416 4122 516 4190 Oxou)
601 4119 834 4176 adamaremus
914 4120 1003 4190 tantm
1017 4118 1144 4174 itautF
1220 4121 1359 4188 inpensius
1370 4119 1443 4176 FBo

337 4208 533 4281 25phascoM
618 4206 888 4263 semronmaron
976 4205 1188 4276 sollempnitatis
1197 4206 1233 4273 B,
1247 4205 1389 4262 sollemnia
1402 4207 1441 4262 L¹

337 4296 372 4352 11
385 4295 460 4366 suos]
476 4311 525 4352 uos
537 4294 572 4350 N
671 4296 700 4348 et
710 4293 746 4348 ad
762 4309 805 4350 me
822 4294 916 4350 uenire
932 4293 1070 4365 coeperint
1083 4292 1150 4349 edd.
1164 4293 1192 4349 L
1201 4310 1236 4348 ou
1249 4293 1311 4349 2r'u
1322 4310 1407 4365 marg.

338 4384 432 4438 uenire
444 4381 591 4453 coeperint]
603 4380 730 4437 uenerint
741 4381 773 4437 F
