3570 4936
297 331 361 398 824
696 320 1020 390 caeorrrrcypraar
1108 289 1110 292 ⁴

295 482 445 550 biberit
473 479 635 547 calicem
658 477 814 545 Domini
835 479 1012 564 indigae,
1039 497 1127 545 reus
1149 478 1225 544 erit
1246 480 1424 564 corporis

297 590 335 654 et
356 581 564 670 sanguinis
585 581 749 647 Domini.

245 700 287 763 22
338 687 403 754 Nos
417 686 514 752 etiam
528 685 601 750 illos
615 703 692 768 quos
707 684 741 751 hi
756 687 810 770 qai
825 687 912 770 prius
926 686 960 750 in
975 683 1104 750 ecclesia
1118 683 1272 751 catholica
1286 687 1422 772 episcopi

296 790 419 857 fueraut
433 790 466 854 et
478 787 678 872 postmodum
698 789 760 855 sibi
780 790 969 872 potestatem
992 785 1122 852 clericae
1142 787 1344 856 ordinationis
1364 791 1423 857 ad·

296 890 452 959 sumentes
466 890 701 973 baptizaaerant
713 910 841 978 pronon
852 890 1019 974 baptizatis
1033 889 1189 956 habendos
1202 891 1444 960 iudicauimus·

295 995 328 1060 et
341 994 399 1059 hoc
420 991 502 1076 apuu
523 1010 578 1058 nos
597 994 790 1079 obserantur,
812 996 849 1060 ut
864 993 1050 1076 quicumque
1065 991 1103 1057 ab
1118 992 1184 1058 illis
1204 994 1296 1061 hncti
1311 994 1352 1062 ad
1365 1003 1423 1062 nos

295 1095 425 1163 ueniunt
435 1096 600 1179 'umquam
615 1097 708 1164 alieni
724 1100 757 1164 et
770 1097 852 1163 nihil
866 1095 1022 1162 consecuti
1036 1095 1128 1161 unico
1142 1097 1176 1161 et
1186 1115 1259 1162 aero
1274 1098 1422 1166 ecclesiae

294 1197 465 1265 catholicae
492 1199 651 1283 baptismo
677 1189 761 1283 ‘apud
787 1218 843 1267 nos
868 1198 1074 1282 baptizentur,
1104 1200 1142 1264 ut
1166 1197 1283 1266 lauacri
1313 1201 1421 1267 uitalis

294 1301 556 1387 regenerationem
582 1305 818 1388 consequantur.
843 1304 876 1369 et
899 1304 1004 1368 tamen
1028 1302 1167 1368 maltum
1187 1301 1317 1368 interest
1338 1304 1423 1371 inter

295 1423 366 1470 eum
386 1404 439 1487 qui
455 1404 574 1472 inuitus
589 1408 621 1472 et
634 1407 818 1473 necessitate
833 1405 1056 1490 persecutionis
1071 1407 1194 1472 coactus
1208 1407 1373 1473 succubuit
1388 1408 1457 1474 eta

165 1552 170 1564 .
294 1505 389 1573 illum
399 1506 454 1590 qui
469 1509 619 1594 sacrilega
634 1511 797 1576 uoluntate
811 1508 911 1574 audax
925 1510 1032 1575 contra
1047 1508 1209 1575 ecclesiam
1223 1508 1355 1575 rebellat
1369 1510 1423 1576 uel

144 1636 153 1647 ν
294 1608 328 1675 in
350 1609 479 1676 Patrem
503 1611 535 1676 et
548 1612 649 1678 Deam
664 1611 781 1680 christi
805 1615 838 1678 et
855 1613 953 1678 totius
975 1611 1086 1678 maadi
1111 1612 1301 1678 conditorem
1324 1613 1425 1697 impia

295 1731 370 1779 acce
390 1712 594 1796 blasphemat.
616 1717 649 1781 et
662 1736 723 1781 non
743 1717 841 1798 pudet
856 1714 1047 1798 Stephanum
1067 1715 1125 1781 hoe
1144 1713 1295 1794 adserere,
1317 1717 1355 1780 ut
1368 1734 1424 1801 per
1467 1709 1473 1713 ’

106 1851 111 1858 ·
236 1902 240 1913 ·
295 1832 356 1894 eos,
370 1811 447 1903 [qui]
463 1833 534 1880 cum
547 1816 607 1898 ipsi
619 1818 651 1882 in
663 1818 807 1883 omnibus
817 1819 951 1900 peccatis
966 1817 1030 1883 siut
1045 1819 1218 1896 constituti,
1234 1819 1320 1885 (licat
1333 1836 1425 1902 posse

295 1918 508 1986 remissionem
528 1922 724 2002 peccatorum
746 1920 825 1999 dari,
847 1920 935 2002 quasi
956 1921 1056 2003 possit
1076 1940 1142 1987 esse
1155 1921 1189 1987 ia
1204 1921 1296 1987 domo
1311 1921 1459 1988 mortisue

295 2020 456 2087 lauacrum
471 2021 595 2087 salutis.

244 2133 285 2196 aa
337 2122 399 2189 Vbi
420 2141 492 2209 ergo
507 2123 663 2208 eritquod
678 2125 828 2207 scriptam
845 2125 908 2190 est:
930 2124 975 2189 ab
998 2143 1095 2208 aqua
1116 2125 1246 2191 aliena
1267 2124 1424 2192 abstine

295 2229 334 2294 te
353 2229 391 2293 et
413 2246 433 2293 a
454 2228 562 2294 iente
583 2228 714 2294 alieno
735 2246 781 2292 ne
802 2227 969 2305 biberis,
991 2227 1018 2292 si
1035 2227 1145 2293 relicto
1166 2227 1313 2293 ecclesiae
1335 2227 1422 2294 iente

296 2331 418 2416 signato
443 2332 577 2397 alienam
602 2350 715 2415 aquam
738 2348 794 2414 pro
818 2333 874 2396 tna
898 2329 1046 2412 suscipies
1071 2331 1104 2396 et
1124 2328 1260 2413 profanis
1283 2328 1424 2396 lontibus

295 2434 455 2499 ecclesiam
481 2434 619 2517 polluis?
644 2434 767 2516 quaudo
795 2432 877 2498 enim
902 2431 1058 2515 baptismo
1083 2432 1312 2498 baereticorum
1334 2449 1457 2498 com-ac

294 2536 445 2616 manicas,
467 2537 542 2620 quid
563 2537 650 2603 aliud
671 2556 765 2620 quam
781 2537 820 2604 do
834 2535 981 2620 uoragine
996 2536 1028 2601 et
1043 2553 1135 2601 caeno
1149 2536 1278 2601 illorum
1291 2534 1376 2601 bibis
1391 2535 1424 2600 et

292 2638 360 2719 ipse
382 2639 529 2706 ecclesiae
551 2638 796 2706 sanctificatione
818 2641 971 2723 purgatus
994 2638 1167 2704 alienarum
1188 2639 1326 2704 sordium
1348 2657 1424 2704 con·

293 2740 431 2807 tactibus
453 2742 654 2826 inquinaris?
675 2760 731 2808 aec
752 2744 868 2808 metuis
890 2741 1041 2808 iudicium
1063 2741 1123 2807 Dei
1144 2741 1309 2808 haereticis
1330 2740 1424 2808 testi·

293 2843 434 2910 moaiam
455 2847 563 2911 contm
582 2846 746 2912 ecclesiam
768 2845 942 2928 perhibens,
963 2863 1035 2911 cum
1050 2845 1203 2928 seriptum
1216 2845 1274 2910 sit:
1297 2844 1424 2910 falsus

292 2947 497 3012 testisnon
511 2947 923 3032 eritinpuuitasluain
936 2947 1034 3013 immo
1048 2946 1262 3013 tahaereticis
1276 2946 1457 3016 ammonas

292 3049 436 3132 peiores.
461 3068 536 3115 num
555 3069 627 3116 cum
646 3050 719 3116 inde
738 3049 835 3115 multi
855 3050 980 3135 cognito
1000 3066 1102 3116 errore
1122 3066 1178 3115 suo
1193 3049 1233 3114 ad
1247 3050 1280 3114 te
1294 3049 1424 3115 uemmc

294 3153 332 3217 ut
352 3152 498 3219 ecclesiae
519 3170 629 3218 uerum
647 3151 755 3218 lumen
775 3151 940 3236 accipiant,
961 3153 998 3218 tu
1017 3151 1213 3218 uenientium
1234 3167 1350 3217 errores
1365 3151 1424 3217 ad·

292 3254 385 3320 iuuus
399 3256 430 3321 et
444 3256 609 3322 obscurato
622 3255 743 3321 lumine
757 3255 982 3321 ecclesiasticae
997 3253 1142 3321 uariatis
1156 3253 1299 3320 tenebras
1313 3253 1423 3319 haere·

292 3358 374 3423 ticae
392 3359 493 3425 noctis
513 3358 705 3436 accumulas,
727 3375 858 3440 cumque
878 3375 911 3422 se
932 3357 983 3422 illi
998 3356 1032 3421 in
1046 3356 1182 3440 peccatis
1203 3374 1270 3421 esse
1291 3357 1324 3421 et
1338 3354 1420 3420 nihil

293 3461 413 3546 gratiae
434 3462 546 3527 habere
561 3481 594 3527 se
609 3480 645 3527 ac
659 3461 821 3544 propterea
834 3461 874 3526 ad
889 3459 1051 3526 ecclesiam
1070 3459 1176 3525 ucahe
1195 3457 1362 3536 fateantur,
1384 3459 1458 3532 tu„

292 3564 341 3630 eis
361 3565 574 3633 remissionem
593 3567 790 3650 peccatorum
810 3563 969 3629 subtrahis
989 3579 1067 3645 quae
1087 3562 1120 3627 in
1140 3561 1297 3644 baptismo
1318 3560 1425 3639 datur,

398 3779 432 3832 17
449 3779 528 3834 Pron
546 3779 571 3846 9,
589 3779 631 3836 la
701 3779 736 3834 24
752 3778 832 3834 Proa
851 3777 892 3842 19,
910 3775 936 3830 5.

347 3974 505 4044 squama
518 3976 555 4032 M
557 3982 563 4011 ¹
581 3977 653 4046 (aab
666 3975 753 4047 M‘Q)
829 3974 913 4031 laihi
924 3974 1087 4045 potestatem
1099 3970 1154 4056 sihi
1165 3969 1197 4024 Ε
1271 3967 1424 4026 bbabenrlo

295 4062 370 4132 ΜΨ
476 4061 793 4134 SutMQ¹,etEIQ²c
903 4058 1107 4116 14cumooa1
1206 4054 1384 4126 ιιίιιιιιιΜρι

297 4150 330 4204 17
343 4149 450 4204 abstine
461 4151 500 4219 te]
514 4148 648 4204 abstinete
660 4149 691 4204 Ε
831 4147 865 4202 19
877 4161 946 4216 aqua
959 4147 993 4202 M
1006 4147 1113 4215 (aquam
1129 4141 1163 4212 Q)
1308 4141 1425 4212 suscipis

297 4234 397 4306 Q'Elo
482 4236 516 4291 21
529 4231 1052 4301 imbibis1,iaibisE,aiaesM,aiais
1066 4229 1101 4302 Q*
1194 4227 1421 4300 altinonam
