3570 4936
342 345 406 411 746
741 322 1069 406 Caecilii‘'cypriani

341 492 544 562 subueniatur
569 490 623 572 qui
648 492 814 575 supersunt
839 495 871 558 et
891 490 1000 557 diebus
1025 509 1061 556 ao
1085 451 1469 579 noebbm'ingemesount

340 599 373 662 et
401 592 541 660 diuinam
569 611 606 658 ao
629 594 790 674 paternam
819 594 1061 662 misericordiam
1090 590 1288 674 deprecantes
1317 593 1467 661 solaoinm

340 698 464 764 nostrae
484 694 700 778 opitulationis
720 700 896 780 exposcunt.
924 697 1038 762 ideireo
1060 694 1152 773 enim,
1179 694 1276 762 irater
1299 698 1467 778 carissime,

342 798 501 882 copiosum
516 814 627 880 eorpus
642 801 692 864 eat
706 801 902 866 sacerdotum
925 795 1102 863 concordiae
1122 799 1251 865 mutuae
1272 801 1396 886 glutino
1417 802 1469 867 ab·

341 910 401 985 que
422 899 553 964 unitatis
575 900 700 967 uinculo
723 904 913 987 copulatum,
941 903 978 965 ut
1002 897 1121 982 siquis
1141 918 1177 965 ex
1203 901 1332 990 collegio
1357 906 1485 971 nostroe

344 1001 499 1069 haeresim
519 1001 618 1069 faeere
639 1003 671 1070 et
692 1024 821 1090 gregem
840 1001 957 1069 Christi
977 1002 1111 1068 laosrme
1131 1005 1164 1068 et
1183 1007 1307 1072 uastare
1330 1007 1466 1091 tempta·

343 1105 442 1182 norit,
476 1104 663 1173 subueniaut
692 1109 788 1174 ceteri
798 1157 808 1191 ,
843 1126 904 1189 qua
924 1107 1063 1188 pastores
1085 1104 1180 1171 utiles
1200 1109 1233 1172 et
1254 1109 1469 1177 miserioordes

342 1226 415 1275 ones
444 1209 615 1277 dominicas
643 1211 677 1277 in
705 1231 833 1298 gregem
861 1209 1021 1293 colligant.
1057 1207 1131 1292 quid
1160 1210 1298 1276 enimsi
1327 1211 1469 1278 inmari

340 1314 449 1396 portus
473 1310 589 1394 uliquis
611 1315 838 1380 munitionibus
860 1312 926 1377 suis
947 1311 1049 1395 ruptis
1070 1311 1202 1378 infestus
1223 1315 1256 1378 et
1277 1315 1468 1396 periculosus

341 1433 408 1481 esee
436 1413 569 1478 nauibus
597 1418 748 1498 eoeperit,
781 1434 881 1482 nonne
908 1415 1093 1499 nauigantes
1125 1414 1165 1479 ad
1197 1415 1274 1480 alios
1306 1417 1500 1499 proximosro

342 1518 450 1601 portus
478 1535 574 1581 naues
602 1537 674 1584 suas
702 1519 862 1604 dirigunt,
885 1518 940 1583 nbi
961 1517 1005 1584 sit
1026 1518 1115 1583 tutus
1137 1515 1303 1606 [aooessns]
1327 1520 1361 1584 et
1381 1518 1468 1584 saln-

341 1621 421 1686 tsris
443 1618 592 1684 introitus
615 1622 647 1686 et
668 1622 762 1688 statio
785 1623 913 1688 secura?
941 1620 1044 1687 anisi
1071 1621 1105 1686 in
1132 1622 1186 1686 uin
1215 1621 1377 1688 stabulum
1407 1621 1468 1688 uli·

224 1720 227 1725 ’
341 1722 423 1805 quod
445 1720 580 1787 obsideri
603 1727 635 1789 et
657 1726 756 1789 teneri
779 1746 798 1791 a
819 1724 992 1790 latronibus
1014 1724 1159 1809 eoeperit,
1188 1727 1227 1790 ut
1247 1723 1390 1808 quisquis
1417 1725 1468 1791 in·

339 1843 465 1910 gnosum
478 1824 575 1890 fuerit
589 1826 806 1892 insidiantium
818 1827 885 1893 illio
895 1826 1093 1893 infestatione
1104 1828 1254 1911 cupiatur,
1269 1846 1369 1894 nonno
1380 1847 1467 1895 oom-

341 1929 480 1993 meantes
494 1926 553 1991 bae
567 1927 709 2010 opinione
723 1931 882 2010 comporta
901 1928 1024 1993 stabula
1044 1929 1107 1994 alia
1126 1930 1160 1995 in
1180 1931 1291 1997 itinere
1314 1931 1495 2013 adpetuntn

223 2115 225 2119 Α
343 2029 472 2108 tutiora,
488 2029 543 2094 nbi
558 2030 623 2096 sint
635 2029 699 2097 lida
712 2031 849 2114 hospitia
862 2032 895 2096 et
910 2032 1102 2112 rooeptsonla
1116 2034 1363 2099 commeantibus
1377 2034 1471 2099 tuta?

342 2133 425 2216 qnod
454 2149 576 2199 neeesse
606 2133 654 2197 est
683 2133 765 2215 apud
791 2150 846 2196 nos
872 2151 946 2210 esse,
977 2131 1076 2198 irater
1100 2134 1266 2213 carissime,
1297 2137 1335 2199 nt
1359 2135 1471 2201 fratres

341 2239 463 2303 nostros
474 2237 528 2319 qui
540 2236 652 2302 nitetis
659 2236 812 2302 Marciani
827 2236 962 2319 seopulis
976 2237 1089 2318 petunt
1100 2237 1246 2302 eoelssiae
1259 2238 1369 2321 portus
1384 2236 1472 2302 salu·

344 2342 428 2405 tures
443 2338 648 2420 suscipiamus
663 2339 702 2404 ed
717 2356 772 2403 nos
786 2340 930 2421 prompta
945 2339 977 2404 et
992 2338 1126 2423 benigna
1139 2340 1335 2405 humanitate
1349 2340 1382 2404 et
1402 2341 1469 2406 ste·

342 2442 455 2508 bulum
479 2441 725 2508 oommeantibus
749 2442 953 2525 praebeamus
974 2440 1038 2506 tals
1058 2442 1149 2523 quale
1169 2443 1218 2507 ost
1237 2443 1271 2508 in
1294 2442 1467 2526 euangelio,
1481 2462 1508 2504 eo

343 2564 403 2630 quo
425 2564 445 2610 a
465 2545 639 2611 latronibus
661 2545 795 2611 sauciati
811 2546 843 2610 et
858 2543 1013 2609 uulnerati
1035 2543 1151 2626 suscipi
1166 2546 1199 2610 et
1213 2544 1311 2610 foueri
1326 2545 1359 2609 et
1372 2545 1471 2611 tutori

343 2648 383 2714 ab
399 2648 570 2714 stabulario
584 2650 714 2732 possint.

312 2759 332 2821 4
385 2749 471 2829 Quae
497 2752 545 2815 est
571 2752 654 2816 enirn
680 2751 780 2816 maior
805 2751 861 2815 aut
879 2749 990 2815 melior
1010 2767 1083 2814 cura
1103 2750 1352 2833 praepositorum
1374 2769 1470 2832 quam

340 2853 487 2937 diligenti
508 2853 721 2921 sollieitudine
735 2856 769 2919 et
782 2853 917 2919 medella
936 2851 1055 2918 salubri
1075 2851 1217 2918 fouendis
1237 2856 1270 2918 ot
1285 2870 1471 2918 conseruan-

396 3124 411 3177 1
424 3124 472 3191 qni
484 3139 519 3178 ex
530 3122 601 3191 quod
617 3123 641 3180 0
738 3127 767 3177 et
779 3123 884 3193 diebus]
896 3123 943 3191 qui
954 3121 1049 3177 diebus
1065 3121 1097 3187 V,
1109 3123 1156 3190 qui
1169 3124 1197 3176 et
1207 3120 1330 3176 diebuso
1400 3181 1403 3187 ,
1427 3121 1470 3192 ae]

340 3211 369 3263 et
381 3209 409 3263 Ζ
501 3209 679 3281 4glntinee'p
774 3209 917 3279 boollegie
934 3209 966 3264 0¹
1065 3207 1246 3279 dhaeresinp
1341 3207 1424 3275 'iqua
1439 3207 1471 3270 V,

338 3298 367 3349 et
378 3311 433 3365 qna
449 3295 495 3361 0¹,
509 3301 537 3348 et
548 3296 625 3364 quasi
640 3295 699 3359 Οὐ,
718 3298 747 3349 et
759 3296 806 3366 qui
818 3300 881 3349 sunt
891 3294 925 3359 Ζ,
937 3310 986 3350 om.
999 3295 1061 3366 ιὀρ,·
1078 3295 1112 3360 es.
1122 3310 1152 3362 p.
1166 3297 1264 3362 518,14
1367 3291 1470 3361 dones]

338 3383 386 3452 qui
397 3396 460 3436 ones
472 3383 517 3453 iop
613 3381 652 3451 in]
666 3380 732 3450 quid
744 3380 773 3434 in
790 3381 814 3436 G
818 3386 823 3414 ¹
926 3380 1098 3450 colligante*
1202 3378 1279 3448 quid]
1291 3393 1344 3447 qno
1355 3375 1432 3430 modo
1450 3374 1473 3429 0

338 3468 387 3523 sed
398 3465 475 3521 modo
486 3482 509 3521 s.
521 3467 539 3520 l.
666 3465 824 3533 seuquid
876 3484 878 3487 ·
948 3465 982 3519 10
993 3464 1092 3533 ceperit
1102 3464 1219 3519 nauibus
1230 3463 1263 3528 Ζ,
1275 3460 1472 3532 nauigantibus

338 3552 456 3624 eoeperit
471 3552 498 3607 V
580 3552 614 3606 sd
626 3551 707 3621 elios]
719 3551 792 3605 alius
804 3550 838 3604 ad
854 3551 877 3606 0
967 3551 999 3603 11
1011 3549 1159 3620 dirigerent
1171 3550 1199 3604 Ζ
1282 3551 1310 3603 et
1321 3550 1399 3601 tutus
1410 3545 1438 3600 Ζ

338 3655 459 3694 necessus
472 3654 522 3692 om.
541 3637 606 3709 Oiop
719 3623 895 3691 'id'dbsidere
907 3638 935 3689 et
946 3638 1036 3689 tenere
1053 3635 1099 3700 0¹,
1112 3634 1229 3689 obtineri
1241 3636 1269 3689 et
1280 3631 1398 3687 obsideri
1411 3630 1439 3684 Ζ

338 3724 530 3780 narnensem.
542 3724 571 3792 ip
704 3723 884 3776 oommeentes
895 3719 946 3774 hee
958 3737 1009 3775 om.
1022 3720 1049 3773 Z
1184 3719 1219 3774 15
1235 3718 1359 3789 opinione
1371 3731 1422 3770 oon
1436 3715 1469 3779 Ζ,

336 3809 474 3879 opsidione
491 3810 557 3876 fort.
689 3809 819 3878 appetant
831 3807 858 3860 Z
984 3806 1017 3859 16
1029 3806 1131 3878 suntip
1260 3803 1324 3872 fida]
1336 3805 1399 3857 tuta
1411 3801 1439 3856 Z

337 3896 370 3951 17
381 3910 489 3949 neeesse
501 3894 553 3964 est]
567 3910 636 3948 nuno
649 3909 705 3948 esse
721 3893 785 3950 GZo
878 3907 936 3945 esse
950 3892 1042 3963 0¹iop,
1053 3890 1133 3945 debet
1148 3890 1211 3946 (ΡΖ
1307 3888 1341 3943 18
1351 3890 1470 3969 nostros]

337 3981 489 4036 carissimos
501 3980 646 4034 nostrosZ
781 3979 878 4033 uitatis
889 3977 923 4042 Ζ,
933 3977 1041 4032 reiectis
1052 3993 1113 4047 sap.
1125 3977 1209 4032 etstis
1221 3978 1252 4041 G,
1264 3974 1362 4029 iactati
1373 3976 1435 4046 dopo

337 4067 473 4122 marcisus
486 4066 520 4123 0¹
605 4066 712 4137 petunt]
724 4067 838 4135 poscunt
849 4064 877 4118 Ζ
956 4064 989 4117 19
1001 4062 1183 4133 Suscipiamus
1194 4077 1239 4116 eos
1251 4061 1279 4116 Ζ
1356 4059 1391 4114 21
1403 4061 1468 4131 quo]

337 4152 447 4222 qnodO
565 4150 794 4207 ettntarionuZ
908 4148 1087 4223 22ab]sZp
1206 4146 1469 4216 asqumestenim

336 4243 475 4310 pastorum
491 4238 517 4292 V
618 4239 675 4309 snt]
688 4241 716 4292 et
728 4237 755 4290 Ζ
854 4235 1064 4305 praepositomm
1076 4249 1126 4289 om.
1142 4233 1175 4299 V,
1186 4237 1323 4303 postorum
1335 4231 1363 4285 Ζ
1529 4260 1530 4263 =
