3570 4936
344 335 405 403 792
717 330 880 390 'Caeoilii
897 333 1059 405 Cypriani

337 509 428 573 quem
448 488 588 555 Christus
606 490 776 555 Dominum
798 493 830 557 et
848 492 950 558 Deum
975 512 1066 559 suum
1090 489 1213 566 dixerit,
1238 490 1452 557 remuneratus

336 590 491 658 aGbristo
510 591 723 659 remissionem
743 597 939 678 peecatorum
959 597 991 661 et
1009 593 1162 678 baptismi
1179 593 1454 660 smoufioationem

336 694 541 777 oonsequitur.
557 714 619 779 qua
632 699 739 764 autem
752 701 906 782 potestate
920 698 1062 780 consequi
1075 696 1111 760 in
1124 694 1282 779 baptismo
1295 696 1455 763 remissio-

336 817 408 864 nem
429 799 625 881 peceatorum
643 803 747 884 potest
759 820 875 887 negans
889 801 990 867 Deum
1004 800 1172 865 creatorem
1186 797 1312 885 Christi,
1333 801 1454 886 quaudo

335 902 435 985 ipsam
460 902 647 985 potestatem
672 924 733 989 qua
756 905 953 988 baptizamur
973 903 1006 967 et
1027 900 1256 968 sauotifioamur
1280 904 1319 971 ab
1345 904 1478 972 eodeme

336 1006 424 1089 patre
439 1002 580 1072 Christus
594 1009 755 1091 aoeeporit,
771 1026 862 1091 quom
877 992 1027 1071 maiorem
1041 1003 1164 1082 dixerit,
1179 1023 1199 1071 a
1213 1024 1273 1089 quo
1288 1008 1455 1076 olaritioari

336 1108 470 1192 potierit,
486 1110 575 1178 euius
589 1112 784 1178 uoluntatem
798 1108 948 1192 usquead
962 1107 1143 1191 obsequium
1158 1107 1285 1176 bibendi
1299 1112 1406 1179 oaliois
1421 1112 1455 1178 et

336 1212 513 1280 subeundae
532 1216 643 1282 mortis
663 1214 850 1299 inpleuerit?
871 1210 946 1295 quid
966 1212 1014 1276 est
1031 1211 1130 1296 igitur
1143 1210 1231 1277 aliud
1245 1231 1340 1296 quam
1354 1214 1455 1297 perti-

335 1315 436 1401 uipem
449 1316 611 1384 haereticis
625 1315 913 1401 blasphemantibus
927 1312 994 1378 fieri
1009 1312 1169 1380 defendere
1181 1314 1263 1380 uelle
1273 1319 1306 1380 et
1318 1317 1458 1382 adserere

335 1418 417 1503 quod
441 1419 602 1487 remissum
626 1422 822 1505 peecatorum
847 1417 985 1501 uoeipore
1010 1416 1108 1499 possit
1131 1418 1165 1482 in
1191 1415 1308 1484 Christi
1332 1417 1492 1485 nominoio

333 1523 550 1605 blasphemans
564 1524 702 1610 grauiter
715 1524 748 1589 et
761 1540 889 1607 peoeans
903 1523 938 1587 iu
951 1523 1114 1605 patrem-et
1124 1522 1296 1587 Dominum
1310 1524 1343 1588 et
1354 1522 1457 1589 Deum

336 1624 474 1692 Christi?
495 1627 571 1709 quid
592 1627 703 1692 deiude
723 1625 806 1691 illud
822 1625 916 1708 quale
937 1626 1034 1690 estut
1048 1625 1102 1707 qui
1121 1625 1224 1690 filium
1243 1627 1340 1710 neget
1360 1624 1474 1709 ueques

335 1731 457 1813 patrem
476 1728 598 1807 babeat
624 1729 678 1810 qui
699 1729 819 1811 patrem
839 1730 933 1813 negat
954 1727 1054 1794 tilium
1074 1727 1187 1793 babere
1207 1728 1361 1806 uideatur,
1383 1747 1457 1794 cum

336 1832 422 1898 filius
436 1832 502 1913 ipse
517 1832 751 1896 oontesteturet
766 1832 864 1896 dieat:
886 1850 993 1897 nomo
1013 1832 1143 1915 potest
1163 1832 1298 1897 uenire
1319 1833 1365 1898 ad
1384 1849 1458 1914 me,

335 1934 414 2000 nisi
435 1932 560 1998 fuerit
581 1933 714 1997 datum
735 1932 801 1998 illi
821 1934 986 2015 epatre?
1007 1937 1043 1999 ut
1057 1933 1260 2000 manifestum
1274 1935 1317 1999 sit
1331 1934 1488 2000 nubemo

335 2036 546 2101 remissionem
570 2036 767 2118 peecatorum
787 2034 822 2099 in
840 2030 1150 2127 baptismoauoipi'a
1163 2035 1229 2098 fibo
1251 2053 1340 2118 posse
1362 2033 1458 2118 quam

335 2138 454 2204 constet
472 2140 594 2220 patrem
609 2157 669 2203 non
684 2137 815 2216 dedisse,
836 2137 971 2204 maxime
985 2137 1107 2219 quando
1122 2137 1223 2202 adbuc
1237 2137 1321 2203 idem
1336 2139 1458 2219 repetet

335 2243 367 2308 ot
381 2241 479 2325 dieat:
494 2240 623 2311 ¹omnis
638 2239 838 2323 plantatio
858 2259 971 2322 quam
990 2257 1061 2305 uon
1081 2239 1328 2322 plantauorit
1348 2241 1464 2323 pater

336 2363 442 2410 meus
464 2343 652 2409 oeolestis
675 2342 964 2428 eradicabitur}
1033 2383 1035 2386 ⁴

289 2463 328 2530 ιο
377 2444 466 2524 Quod
487 2446 515 2510 si
529 2444 645 2511 Christi
668 2445 814 2527 discipuli
836 2445 952 2511 dieoero
973 2465 1009 2510 ex
1024 2444 1145 2511 Christo
1167 2445 1278 2510 uolunt
1300 2448 1490 2527 quantumst

335 2544 542 2615 uenerationis
557 2551 589 2613 et
603 2548 726 2613 honoris
740 2551 867 2631 paterno
880 2548 999 2613 nomini
1013 2549 1171 2632 debeatur,
1187 2549 1239 2613 uel
1254 2549 1292 2614 de
1308 2547 1459 2631 exemplis

438 2770 529 2824 1410.
547 2772 572 2835 6,
590 2770 633 2827 66.
704 2770 737 2826 18
753 2770 853 2825 Metu
872 2772 913 2835 15,
933 2770 974 2825 13.
1054 2766 1057 2772 ’

388 2957 548 3012 lobrietum
560 2957 647 3014 ΒΝΡ
737 2957 887 3029 domiuum]
900 2941 992 3013 duo‘L
1085 2961 1113 3013 et
1124 2973 1175 3013 om.
1191 2959 1217 3014 Τ
1309 2972 1460 3011 remunera·

335 3045 381 3098 tus
395 3044 422 3099 Τ
430 3044 607 3112 remiseras,
620 3047 811 3115 rememoratus
823 3044 852 3098 Β
962 3044 980 3097 2
991 3043 1088 3098 obristi
1100 3045 1128 3099 Β
1230 3041 1323 3112 oque]
1337 3043 1384 3111 qui
1397 3042 1426 3097 Β

335 3130 497 3199 potestatem
513 3129 602 3194 ΟΨ,
614 3131 706 3198 potest
718 3130 746 3184 Β
802 3115 809 3128 ’
865 3130 1086 3185 inremissionem
1103 3129 1127 3184 0
1248 3129 1373 3198 tuotone
1386 3127 1420 3183 0¹

337 3214 493 3270 creditorem
509 3214 542 3270 0¹
677 3216 811 3270 christum
822 3215 915 3270 Bw
1049 3214 1139 3283 bqua]
1152 3213 1200 3283 qui
1212 3212 1239 3267 L
1349 3209 1352 3214 ’
1369 3212 1463 3284 bapti·

335 3317 426 3358 samua
441 3302 476 3356 Τ·
584 3301 793 3372 sanctificemur]
805 3301 1041 3356 mortificationem
1057 3300 1095 3356 Oo
1196 3298 1408 3354 bolarifioenri·
1423 3299 1458 3363 T,

336 3387 482 3444 olerifloare
497 3387 531 3443 0¹
631 3387 770 3442 'iuiueudi
782 3388 809 3442 Β
861 3408 862 3412 ’
902 3386 1081 3442 Bauboundae
1093 3384 1283 3441 ere-seeundum
1295 3384 1387 3440 eodem
1404 3384 1429 3441 0

336 3475 522 3545 quamexqui
536 3474 825 3544 0,quamaliquemB
953 3471 1105 3526 9uelietP
1232 3470 1432 3526 uomuisse?

336 3560 479 3616 inebriati
497 3560 736 3630 nominepessito
889 3558 1146 3626 llblaapbemusP
1299 3559 1407 3628 patrem
1422 3556 1464 3629 et]

336 3649 442 3718 patrem
453 3646 496 3713 Β,·
507 3645 573 3709 sort.
587 3647 691 3714 patrem
703 3644 731 3699 id
743 3647 785 3698 est
861 3645 890 3697 et
901 3660 950 3698 ont
965 3643 1033 3711 BP;
1046 3645 1074 3696 et
1084 3642 1163 3696 deum
1175 3658 1226 3696 ont
1240 3641 1267 3696 T
1344 3643 1379 3698 12
1390 3643 1461 3698 obri·

337 3736 410 3786 stum
421 3730 507 3787 ΒΝΡ
624 3730 720 3801 filium]
733 3729 820 3784 filium
831 3728 875 3783 dei
890 3731 929 3785 To
969 3795 974 3805 ,
1051 3728 1084 3782 13
1096 3728 1153 3799 qui]
1167 3730 1197 3783 ot
1207 3729 1255 3798 qui
1266 3746 1290 3795 o,
1303 3730 1351 3799 qui
1362 3732 1392 3784 et
1402 3729 1433 3784 B

336 3819 419 3887 negot
431 3820 534 3887 patrem
547 3817 570 3872 0
661 3816 694 3874 14
705 3818 873 3871 contestatur
884 3815 959 3871 ΟΤΙ·
1042 3815 1075 3870 15
1086 3814 1175 3870 fuerat
1187 3814 1220 3870 0·
1314 3815 1359 3870 illi
1370 3814 1465 3870 datum

338 3904 405 3961 1300
546 3905 620 3960 ltin
633 3903 768 3975 baptismo
779 3899 960 3973 accipiafllio
975 3902 1040 3957 Tin
1050 3917 1134 3972 moro.
1146 3903 1180 3956 ia
1190 3918 1245 3958 rue.
1389 3916 1467 3970 posse

338 3990 422 4045 atilio
434 3991 462 4044 P
575 3990 607 4046 11
619 3989 774 4045 dedissetO
812 3979 814 3983 ’
882 3988 953 4043 idem
965 3987 1052 4044 onec
1128 4015 1129 4018 ¹
1164 3987 1199 4043 18
1209 3986 1347 4058 phutauit
1360 3986 1432 4042 BLv

339 4078 372 4132 19
384 4076 568 4132 eoelestisoau
581 4077 609 4132 Β
742 4075 885 4131 bbobristi
894 4073 1033 4146 discipuli]
1044 4072 1223 4128 christianidi
1355 4072 1467 4142 disemo]

332 4162 433 4218 duoere
444 4163 479 4227 L,
491 4162 624 4218 disoedem
636 4162 665 4218 Β
782 4161 929 4233 01]an
1042 4160 1138 4216 uolunt
1149 4159 1236 4215 mo
1354 4159 1387 4213 21
1400 4157 1469 4213 bono

338 4248 377 4302 ris
389 4247 617 4318 patemomine01
725 4248 818 4304 daem.
833 4249 859 4303 T
948 4283 950 4287 <
