3570 4936
634 335 637 342 ’
665 344 844 416 Epistulae
861 344 945 400 xxi.
964 360 986 401 c
1005 345 1084 404 1-3.
1369 341 1434 410 531

302 526 377 577 cum
391 522 497 572 omnes
516 502 622 569 doleas
634 519 690 585 pro
710 518 813 567 sorore
826 501 932 567 nostra
946 533 992 566 m
1007 518 1085 583 ques
1100 502 1133 568 et
1146 503 1184 568 tn
1198 502 1276 568 bene
1288 460 1382 583 nesii,
1402 497 1437 564 id

307 613 365 690 est,
382 604 568 676 Numeriam
582 606 615 671 et
629 602 816 670 cnnddam:
837 620 894 688 pro
909 621 1042 686 quarum
1056 605 1193 686 perceio,
1214 605 1287 689 quia
1301 622 1357 671 nos
1370 602 1436 670 fra·

306 716 371 782 tres
384 709 511 794 hebeni,
526 708 694 775 debeamus
709 705 868 773 menoare.
884 705 976 772 credo
991 705 1076 770 e'nim
1091 704 1250 774 christum
1265 707 1435 784 secundum

303 816 433 882 illarum
453 811 680 898 paenitentiam
694 810 727 877 et
740 827 849 893 operas
864 826 943 892 qnae
957 826 1052 892 penes
1067 808 1202 893 collegas
1217 813 1337 878 nostros
1352 811 1435 879 fece·

278 918 379 984 erunt
399 916 536 984 extorres
557 917 612 1001 qni
631 913 754 986 euobis
776 911 939 997 uenerunt,
967 911 1116 994 aquibus
1135 912 1213 995 ipsis
1233 914 1271 979 de
1290 915 1434 999 operibns

283 1039 410 1103 ‚eorum
432 1018 550 1101 audies,
576 1019 641 1086 iam
661 1017 820 1097 christum
843 1016 889 1082 eis
912 1013 1003 1081 uobis
1023 1014 1217 1099 martyribus
1239 1017 1304 1082 anie
1325 1017 1434 1101 peten-

303 1123 390 1190 tibus
405 1123 604 1200 indulturum
619 1122 718 1191 credo.

345 1226 468 1294 Audiui
487 1228 571 1295 euim
584 1227 618 1294 ic
630 1224 825 1293 floridiorum
844 1222 1059 1289 ministerium
1073 1221 1254 1307 percepisse.
1278 1222 1345 1288 oie
1359 1223 1463 1295 feli-a

304 1334 388 1398 cem!
409 1331 533 1416 suscipe
552 1332 628 1398 noia
648 1331 704 1396 ina
719 1347 797 1412 quae
812 1346 936 1411 semper
950 1325 1136 1392 desiderasti
1151 1325 1202 1390 uel
1217 1325 1347 1391 interra
1360 1325 1433 1392 dor·

266 1457 294 1499 ιο
303 1435 413 1501 miens.
439 1434 557 1520 optasti
576 1451 633 1518 pro
652 1432 777 1498 nomine
797 1430 886 1496 illius
900 1429 934 1496 in
949 1446 1103 1495 carcerem
1123 1427 1222 1507 mitti,
1249 1427 1333 1511 quod
1350 1446 1433 1506 nunc

301 1538 363 1604 tibi
378 1535 542 1623 contingit,
557 1537 640 1603 sicui
654 1535 806 1618 scripium
820 1535 884 1600 eei:
906 1533 972 1599 dei
993 1531 1072 1598 cibi
1093 1530 1279 1597 Dominus
1301 1548 1433 1597 secun·

302 1641 391 1707 dnm
413 1657 477 1707 cor
498 1640 615 1706 tuum.
639 1639 671 1705 et
691 1656 773 1704 nunc
798 1654 891 1722 super
915 1636 999 1719 ipsos
1021 1634 1124 1701 facins
1147 1633 1279 1700 antistes
1301 1632 1361 1699 Dei
1383 1653 1434 1700 re·

301 1742 448 1827 cognouit
458 1744 480 1826 †
491 1741 576 1808 idem
589 1742 742 1809 minister.
757 1758 830 1826 rogo
841 1740 959 1824 iisqne,
973 1738 1118 1824 Domine,
1133 1738 1166 1803 ei
1176 1737 1247 1823 peto
1257 1756 1314 1823 per
1323 1738 1433 1804 Domi·

303 1865 381 1912 num
393 1846 544 1911 nostrum
558 1844 663 1910 lesum
679 1843 839 1911 christum
858 1844 897 1909 ut
916 1841 1028 1910 ceteris
1050 1841 1179 1926 collegis
1199 1840 1263 1907 tuis
1283 1839 1434 1908 fratribus

266 1947 369 2014 seinis
391 1947 471 2013 meis
492 1947 627 2014 dominis
648 1948 762 2014 referas
786 1949 819 2013 et
839 1945 879 2012 ab
903 1946 948 2013 eis
969 1946 1060 2029 pedae
1081 1946 1118 2011 nt
1141 1945 1328 2029 quicumque
1347 1945 1434 2028 prior

301 2049 444 2116 uestrum
470 2051 633 2117 coronatus
657 2051 763 2132 fuerit,
788 2049 860 2116 istis
886 2048 1046 2115 sororibus
1071 2049 1186 2115 nostris
1207 2047 1376 2115 Numerios
1401 2047 1434 2114 ei

302 2151 459 2219 candidae
481 2153 545 2219 tale
566 2154 728 2236 pecceinm
752 2153 925 2219 remittant.
952 2171 1026 2218 nam
1048 2151 1130 2218 hauc
1151 2151 1252 2235 ipsam
1268 2152 1434 2218 Etecueam

302 2274 427 2340 semper
440 2255 608 2339 appellaui,
630 2255 722 2323 cestu
737 2257 786 2322 eet
798 2255 889 2322 nobie
903 2256 1000 2340 Dens,
1023 2254 1098 2338 quia
1111 2272 1167 2339 pro
1182 2272 1215 2320 ae
1231 2255 1310 2321 dona
1323 2273 1435 2320 nume·

303 2359 389 2424 rauii
410 2377 450 2425 ne
473 2357 675 2425 sacrificaret:
701 2360 756 2425 aed
778 2358 904 2424 tentum
930 2356 1106 2424 ascendisse
1127 2357 1253 2423 uidetur
1273 2375 1372 2441 usque
1394 2356 1436 2423 sd

269 2483 299 2526 ec
308 2460 383 2526 Tria
397 2459 466 2526 fata
479 2461 512 2526 et
525 2460 599 2526 inde
614 2460 814 2526 descendisse.
829 2462 910 2526 hanc
922 2477 996 2545 ergo
1010 2477 1072 2524 non
1086 2458 1273 2525 sacrificasse
1288 2475 1344 2544 ego
1359 2459 1434 2525 scio.

305 2580 440 2645 quarum
459 2563 524 2628 iam
545 2580 638 2627 cansa
659 2562 768 2628 audica
786 2561 1010 2645 praeceperunt
1030 2580 1083 2626 eas
1100 2557 1268 2644 praepositi
1283 2561 1436 2646 tantisper

303 2663 349 2729 eie
370 2681 448 2743 esse,
470 2663 564 2729 donec
584 2663 744 2746 episcopus
764 2663 982 2731 consdcunour.
1005 2663 1060 2729 aed
1080 2663 1232 2746 quatenus
1245 2680 1301 2746 per
1314 2664 1437 2731 nasim

364 2847 612 2932 'nmms

358 3056 375 3109 1
386 3070 479 3110 omnes
493 3056 550 3127 Τφ,
571 3052 695 3109 omnibus
706 3070 748 3113 sce
834 3069 923 3110 sorore
940 3056 1033 3111 nostra
1046 3055 1078 3121 Τ,
1100 3049 1234 3111 sororibus
1245 3057 1345 3113 nostrie
1357 3072 1437 3128 pacm·

272 3141 820 3212 poereas'acereidcaenomanpaco
912 3141 1258 3200 inumeriaeicandidac
1344 3157 1437 3213 pecus·

306 3229 368 3282 tum
382 3228 409 3283 T
488 3226 562 3297 quia]
576 3226 624 3297 qui
638 3228 709 3299 Τφω
788 3225 1000 3284 ddebemuaaoc
1079 3228 1207 3284 excubare
1220 3230 1269 3301 Τφ
1346 3228 1438 3284 41110-

306 3328 412 3385 rum,
425 3329 570 3369 aarumaoo
632 3328 845 3385 operaquaeroe
912 3313 1012 3370 discit
1022 3316 1188 3371 exterrentes
1203 3316 1229 3370 Τ
1289 3314 1404 3371 ucbiasc

306 3399 433 3454 uenerint
444 3419 475 3472 φ,
496 3398 624 3455 uiderunt
638 3400 664 3454 Τ
735 3389 764 3454 ’6
780 3399 892 3456 audiena
907 3402 934 3457 T
1017 3400 1120 3457 christo
1135 3394 1166 3467 T,
1187 3417 1275 3474 cnsp
1359 3401 1438 3456 uobis

305 3484 532 3551 Tai.,nobiaco
616 3485 633 3539 ‘1
645 3485 815 3543 credoorm
899 3485 1315 3558 8audiuienim1audiemiuiao
1391 3485 1439 3541 iic·
1499 3472 1504 3483 ⁴

304 3569 581 3636 riderc,floridierum
590 3570 786 3643 poeticorum
794 3572 936 3644 Ripaltice
987 3573 1202 3643 9auecipereeco
1253 3571 1405 3643 quequidac

303 3655 484 3712 deaideraatn
499 3658 526 3713 Τ
591 3657 725 3714 ueluelec
794 3658 936 3715 10uomeu
950 3661 977 3716 Τ
1043 3659 1077 3715 11
1089 3659 1236 3730 concipite
1303 3660 1438 3714 sicutoea

306 3759 354 3815 pso
415 3743 646 3801 ldmteafiieed'
703 3746 845 3818 recognoui
859 3747 932 3819 Tpso
993 3746 1027 3802 13
1037 3738 1119 3817 id'em]
1132 3744 1215 3802 idest
1228 3747 1403 3818 dinenimp

306 3829 518 3900 14eollegiiaao
613 3831 848 3904 ldiuiacncrpec
958 3831 1136 3888 l'dtalerud'
1226 3832 1437 3903 talapeoeatum

305 3916 452 3971 remittant
461 3916 598 3972 numeriae
610 3918 639 3972 et
649 3918 813 3991 candidaep
884 3918 964 3991 hanc]
978 3920 1050 3986 stac,
1063 3932 1152 3990 comp
1219 3920 1367 3974 etteeusam
1382 3920 1438 3991 Τφ,
1495 3921 1499 3929 ’

306 4004 336 4056 et
346 4017 468 4059 recusam
480 4018 515 4071 ao¹
524 4008 645 4058 ascusam
657 4005 728 4062 coni
740 4000 877 4073 Dcdee'eil,
888 4007 1042 4061 exeuntem
1054 4006 1122 4073 fort.
1192 4005 1227 4061 18
1237 4004 1315 4061 nobie
1326 4007 1369 4061 est
1380 4025 1404 4077 φ

308 4103 337 4143 ae
357 4088 437 4161 dona]
459 4081 573 4144 eoduma
586 4090 641 4159 Tp,
663 4091 773 4147 seducta
783 4085 824 4162 ee,-
846 4108 875 4148 ae
894 4091 1010 4148 deducta
1028 4092 1095 4161 sort.
1193 4093 1368 4148 numerauiec

304 4173 605 4263 iohtadssiso'eagec
696 4170 877 4250 hauc]h'asac
969 4178 1239 4250 alanditsesnnap
1328 4194 1438 4251 perape-

305 4263 405 4316 runtrc
491 4260 670 4332 iiepatuw
755 4260 1111 4338 peruestmalperuarsai'

1160 4353 1234 4421 34*
