3570 4936
812 327 958 387 Caecilii
975 325 1141 400 Cypriani

690 496 1269 704 ue'rsuvnluun.

413 794 616 861 annuemus
644 795 719 852 cru
747 789 964 852 succusano
992 794 1037 850 m
1066 794 1222 851 vrcrosn
1251 794 1423 854 commis
1452 770 1541 848 suan

595 881 804 941 socsmnso
821 881 896 939 cvu
913 879 1095 938 nvnmrco
1112 879 1360 939 uamsmsars.

374 1074 379 1083 ’
457 1055 678 1123 Abstinuimus
698 1074 717 1122 a
738 1054 1016 1123 communicatione
1037 1053 1270 1120 Felicissimum
1292 1058 1325 1128 et
1341 1058 1539 1142 lugendum,

411 1159 490 1228 item
512 1160 684 1242 Repostum
705 1157 742 1224 de
765 1156 938 1224 extorribus
959 1156 992 1221 et
1012 1156 1135 1222 irenem
1155 1156 1337 1222 Rutilerum
1358 1161 1390 1224 et
1406 1159 1560 1226 Paulams

410 1263 652 1343 sarcinatricem,
683 1262 764 1345 quod
792 1280 828 1326 ex
853 1259 1051 1327 adnotatione
1078 1277 1156 1325 mea·
1176 1259 1255 1326 scire
1283 1258 1428 1326 debuisti.
1461 1265 1539 1330 item

410 1366 620 1434 abstinuimus
648 1363 853 1446 Sophronium
887 1364 920 1429 et
952 1362 1057 1446 ipsum
1093 1361 1137 1443 de,
1165 1360 1338 1428 extorribus
1368 1361 1539 1432 Soliassum

408 1469 619 1576 budinarium.

648 1756 1038 1897 uersuum
1084 1758 1317 1870 nuru.-

676 1961 877 2018 cresmnvs
894 1962 1001 2018 susm
1019 1947 1225 2019 vurvuussn
1243 1963 1270 2018 s.
1545 1971 1571 2010 ιο

378 2141 392 2201 l
450 2135 654 2219 Quamquam,
676 2136 787 2203 naue
810 2135 973 2214 carissimi,
996 2134 1119 2201 Virtius
1141 2134 1343 2201 fidelissimus
1364 2135 1464 2219 adque
1485 2136 1535 2200 in·

316 2319 317 2322 ¹
405 2240 592 2326 tegarrimus
613 2239 784 2324 presbyter,
806 2239 884 2304 item
898 2237 1091 2324 Rogatianus
1107 2240 1140 2303 et
1153 2238 1341 2327 Numidicus
1361 2236 1533 2322 presbyteri

405 2342 592 2409 confessores
614 2344 647 2408 et
668 2342 769 2427 gloria
789 2340 915 2428 hainae
937 2341 1128 2425 dignationis
1150 2341 1309 2419 inlustras,
1336 2339 1390 2406 sed
1411 2341 1443 2404 et
1464 2341 1533 2404 dia-

337 2444 347 2454 '
405 2446 473 2511 coni
501 2444 575 2510 boni
602 2445 664 2510 uiri
686 2446 718 2510 et
740 2444 965 2530 ecclesiasticae
987 2443 1253 2510 administrationi
1273 2463 1329 2528 per
1349 2443 1453 2509 omnia
1474 2443 1530 2508 ob·

402 2549 512 2632 saquis
526 2549 642 2628 deuoti,
666 2568 736 2614 cum
754 2547 865 2616 ceteris
887 2546 1072 2613 ministeriis
1094 2547 1219 2630 plenam
1240 2547 1329 2613 uobis
1342 2546 1567 2629 praesentires

454 2783 541 2854 Epist
554 2782 641 2839 XLII.
655 2814 687 2825 -
699 2784 770 2841 Item
790 2786 888 2854 incipit
907 2786 942 2842 ad
959 2784 1072 2842 Caldoni
1093 2788 1121 2840 et
1138 2785 1300 2841 Herculauei
1320 2787 1348 2839 et
1360 2783 1477 2837 Victoris
1497 2782 1530 2836 ds

402 2867 514 2924 absente
526 2868 696 2926 Felicissimo
713 2875 741 2926 et
757 2872 821 2926 aliis
838 2871 871 2926 de
888 2875 1053 2927 exterrentes
1073 2870 1268 2941 rescripserunt
1283 2871 1314 2934 T,
1335 2867 1458 2940 Epistola
1469 2867 1530 2924 Gal·

401 2951 477 3009 donii
488 2954 523 3009 sd
535 2954 692 3026 ciprianum
703 2959 834 3012 annotans
846 2956 989 3028 complices
997 2955 1179 3012 Foslicissimi
1193 2976 1223 3025 φ,
1236 2953 1361 3010 Caldonii
1373 2949 1528 3008 stallorum

400 3037 437 3094 ad
448 3040 605 3110 ciprianum
616 3040 649 3095 de
659 3040 754 3096 ahsten
765 3042 936 3098 Felicissimo
952 3043 981 3097 st
998 3043 1063 3097 aliis
1081 3041 1114 3096 de
1131 3040 1330 3097 extorreutibus
1342 3057 1375 3095 sc.
1388 3070 1419 3080 -
1433 3039 1529 3095 iceli-

401 3124 498 3180 donius
511 3141 559 3195 pso
645 3126 804 3183 herculanea
817 3129 849 3195 T,
860 3128 1015 3184 herculiano
1026 3145 1052 3183 sc
1138 3117 1496 3199 3pr'esbytcrissaluts'msb

399 3210 542 3279 hocce
588 3213 775 3269 felicissimiao
821 3213 972 3284 augendum
985 3232 1016 3283 φ,
1029 3213 1233 3285 augendendiso
1278 3212 1496 3283 brespostuml'

400 3296 598 3375 exterrentibus
609 3316 643 3366 sc,
660 3298 862 3356 exhorrentibus
878 3303 940 3370 Tre,-
952 3300 987 3366 cs.
997 3317 1027 3370 p.
1040 3302 1143 3369 536,13
1211 3300 1304 3354 menen
1319 3300 1350 3364 T,
1368 3299 1458 3367 irency
1470 3314 1494 3352 m

389 3377 554 3454 rutilorum]
567 3384 705 3440 antilioris
716 3404 741 3441 so
808 3385 888 3456 paule
899 3385 1082 3441 sarcinatricis
1093 3403 1118 3441 sc
1154 3419 1157 3425 ·
1201 3383 1392 3442 ddebuistiso
1460 3384 1527 3439 item

399 3484 493 3525 conae
531 3470 713 3542 lsoffronium
723 3472 967 3543 T9,sotroniumsc
1009 3472 1206 3528 extorrcutibus
1218 3474 1289 3541 Τφω
1332 3470 1491 3539 solisrumrp

398 3554 417 3611 8
433 3556 622 3613 budianarium
637 3560 675 3627 1’,·
695 3559 760 3614 cdd.
771 3577 811 3614 sc:
832 3561 956 3629 optumus
976 3561 1005 3613 ts
1022 3560 1091 3614 bene
1110 3557 1202 3614 ualere
1214 3553 1249 3613 ‘et
1265 3557 1352 3612 nostri
1371 3555 1525 3610 meminisse

397 3658 505 3713 semper
523 3645 551 3697 at
568 3645 668 3714 ubique
685 3644 835 3700 uenerande
853 3649 881 3700 at
898 3644 1132 3717 percolendissime
1151 3648 1230 3716 pater
1240 3660 1273 3698 sc.
1286 3673 1320 3685 -
1332 3641 1443 3700 Caldoni
1455 3641 1525 3729 Her:

397 3729 489 3784 culani
509 3733 537 3784 at
554 3729 672 3786 Victoris
692 3730 724 3786 ds
745 3732 856 3789 absente
868 3731 1030 3788 Felicissimi
1051 3735 1080 3786 et
1100 3730 1164 3786 aliis
1185 3731 1219 3786 dc
1240 3732 1403 3786 exterrentes
1423 3728 1523 3798 rescrip

396 3817 510 3885 explicit
524 3817 555 3882 Τ,
568 3833 620 3872 cm.
632 3835 687 3886 ew.
701 3848 734 3859 —

449 3902 536 3973 Epist
554 3902 656 3959 XLIIL
674 3935 706 3944 -
725 3904 825 3975 Incipit
845 3903 879 3958 ad
899 3903 1004 3975 plebem
1023 3904 1057 3959 ds
1078 3903 1196 3974 quinque
1235 3901 1380 3971 resbyteris
1397 3898 1461 3970 (sibi
1480 3899 1523 3952 iu·

396 3985 563 4044 sumanus
583 3989 648 4045 aaa.
663 3990 699 4060 s)
718 3988 864 4060 sauro.
877 4021 909 4032 -
923 3992 955 4046 11
967 3990 1053 4046 naar
1069 3973 1132 4045 κῇ
1142 3991 1179 4046 ss
1195 3991 1246 4061 (rs
1263 3973 1327 4046 affl
1337 3989 1371 4061 ρ)
1406 4048 1411 4058 λ
1468 3989 1523 4044 ms-

394 4073 454 4129 tius
469 4073 493 4145 Q
509 4075 553 4129 uri
570 4093 605 4131 ca
621 4092 690 4147 corr.
712 4077 822 4147 (uirtius
833 4077 871 4131 Μ
884 4076 933 4132 sed
949 4093 970 4132 a.
983 4076 1001 4130 t.
1013 4095 1047 4132 m.
1057 4079 1093 4131 2:
1110 4075 1237 4147 brictius)
1329 4078 1362 4133 13
1378 4079 1406 4131 st
1423 4077 1525 4131 contes-
1556 4122 1559 4128 .

395 4161 504 4217 soresB
588 4162 743 4235 plorist
827 4163 861 4219 14
878 4163 1124 4228 administrationis
1139 4163 1170 4235 Q,
1192 4162 1426 4219 administratione
1438 4165 1477 4220 Ρι

395 4247 431 4302 15
442 4248 592 4304 ministeris
603 4249 639 4315 L,
651 4249 784 4305 ministris
795 4249 842 4305 No
