3570 4936
344 345 407 412 764
741 334 889 394 Caecilii
906 334 1069 406 Cypriani

294 509 333 574 ιι
385 495 473 576 Quod
488 493 515 559 si
530 492 644 577 aliquis
659 493 763 558 inille
779 492 1216 578 moneturquodquidamde
1234 493 1284 561 his
1304 494 1358 578 qui
1383 493 1469 579 aegri

341 597 539 680 baptizantur
552 595 715 679 spiritibus
733 596 836 664 adhuc
855 596 1014 663 inmundis
1034 593 1280 678 temptabantur‚
1303 597 1382 664 sciet
1400 596 1469 662 dia·

341 703 407 768 boli
430 700 601 783 nequitiam
615 702 805 785 pertinacem
820 720 917 785 usque
932 701 973 768 ad
988 718 1100 783 aquam
1114 700 1285 772 salutarem
1300 701 1413 783 ualere,
1435 701 1471 767 in

341 804 497 887 baptismo
519 821 591 868 uero
606 823 696 870 omne
710 805 867 888 nequitiae
882 823 955 869 suae
976 803 1063 867 unus
1083 801 1238 868 amittere.
1260 805 1343 887 quod
1366 796 1469 870 exemss

338 907 428 991 plum
450 906 603 972 ceruimus
623 908 657 974 iu
678 928 751 994 rege
771 908 940 984 Pharaone,
961 905 1016 988 qui
1038 904 1093 970 diu
1113 906 1285 972 reluctatus
1305 910 1339 973 et
1362 907 1490 973 insuar

339 1009 469 1095 perfidia
490 1007 667 1077 demoratus
689 1014 757 1077 tam
778 1011 833 1077 diu
854 1009 997 1075 resistere
1016 1008 1120 1090 potuit
1135 1008 1167 1072 et
1180 1011 1359 1090 praeualere
1373 1012 1470 1076 donec

239 1098 243 1104 ¹
337 1111 378 1179 ad
392 1130 504 1193 aquam
525 1114 660 1180 ueniret:
689 1132 748 1199 quo
769 1132 842 1179 cum
855 1111 1001 1190 uenisset,
1026 1111 1059 1174 et
1073 1111 1176 1177 uictus
1191 1114 1286 1178 estet
1302 1115 1467 1180 extinctus.

339 1231 426 1280 mare
447 1217 554 1281 autem
574 1218 655 1283 illud
675 1218 904 1284 sacramentum
928 1214 1080 1298 baptismi
1093 1213 1191 1280 fuisse
1205 1216 1345 1282 declarat
1359 1219 1471 1284 beatus

340 1318 500 1399 apostolus
528 1320 646 1386 Paulus
676 1321 795 1386 dicens:
824 1319 913 1385 uolo
942 1318 1043 1384 enim
1069 1335 1137 1384 uos
1165 1317 1365 1403 ignorare,
1393 1319 1471 1384 ira-

340 1420 435 1497 tres,
471 1421 560 1503 quia
587 1425 718 1506 patres
747 1421 876 1488 nostri
904 1438 1033 1488 omnes
1062 1421 1130 1486 sub
1159 1420 1261 1486 nube
1290 1420 1506 1501 fuerunt‚m

341 1522 379 1588 et
399 1540 528 1589 omues
553 1543 620 1608 per
644 1545 749 1591 mare
777 1524 1040 1604 transierunt,
1071 1527 1110 1590 et
1129 1542 1257 1590 omues
1279 1524 1319 1589 in
1341 1523 1471 1608 Moyse

339 1623 538 1708 baptizati
566 1630 656 1693 sunt
686 1631 723 1694 et
751 1629 792 1695 iu
822 1628 920 1694 nube
948 1630 988 1694 et
1012 1628 1052 1693 in
1076 1626 1184 1694 mari.
1214 1628 1247 1693 et
1271 1626 1395 1693 addidit
1420 1627 1472 1693 di·

340 1745 426 1793 cens:
463 1727 555 1795 haee
588 1733 716 1796 autem
752 1732 878 1798 omnia
912 1730 1066 1818 figurae
1101 1733 1261 1798 nostrae
1297 1729 1466 1797 fuerunt.

339 1831 422 1914 quod
456 1830 548 1897 bodie
583 1833 678 1898 etiam
705 1834 842 1919 geritur,
880 1837 917 1900 ut
951 1855 1007 1919 per
1034 1836 1198 1901 exorcistas
1226 1853 1302 1901 uoce
1332 1835 1471 1901 humana

339 1935 372 1999 et
402 1934 556 2018 potestate
585 1934 693 2002 diuina
722 1935 903 2021 flagelletur
931 1941 962 2003 et
991 1938 1101 2002 uratur
1129 1938 1162 2002 et
1192 1938 1374 2021 torqueatur
1399 1937 1504 2003 dia-n

338 2036 445 2120 bolus,
472 2039 504 2102 et
526 2056 597 2103 cum
619 2038 701 2104 exire
723 2059 756 2105 se
778 2042 810 2105 et
832 2039 972 2106 homines
993 2040 1052 2105 Dei
1074 2040 1234 2105 dimittere
1255 2058 1345 2122 saepe
1374 2041 1470 2118 meat,

339 2140 377 2204 iu
402 2158 437 2206 eo
467 2141 572 2206 tamen
600 2141 682 2222 quod
711 2142 826 2207 dixerit
854 2142 946 2208 fallat
975 2144 1007 2207 et
1036 2141 1069 2205 id
1094 2142 1177 2225 quod
1201 2159 1256 2224 per
1277 2141 1470 2206 Pharaonem

338 2244 426 2327 prius
462 2249 585 2330 gestum
622 2249 671 2313 est
706 2245 814 2312 eodem
847 2245 1006 2310 mendacio
1039 2243 1255 2309 obstinationis
1285 2244 1318 2308 et
1350 2242 1469 2309 bandis

340 2351 487 2414 exerceat.
517 2368 588 2415 cum
609 2351 715 2415 tamen
737 2347 777 2414 ad
803 2366 917 2430 aquam
942 2344 1111 2413 salutarem
1131 2344 1232 2428 adque
1251 2344 1291 2410 ad
1316 2344 1468 2428 baptismi

339 2451 613 2519 sanctificationem
630 2453 766 2530 aeuitur,
790 2451 868 2517 scire
883 2449 1031 2515 debemus
1047 2450 1079 2513 et
1093 2448 1189 2514 fidere
1209 2449 1283 2532 quia
1304 2448 1373 2514 illic
1393 2448 1501 2514 dia-ao

337 2552 429 2626 bolus
443 2554 630 2637 opprimitur
644 2555 676 2620 et
689 2555 783 2620 homo
797 2554 919 2620 dicatus
934 2552 998 2618 Deo
1013 2551 1122 2617 diuina
1136 2550 1334 2637 indulgentia
1350 2551 1467 2617 bbere-

338 2653 400 2719 tur.
417 2674 490 2721 nam
505 2657 532 2721 si
547 2657 659 2740 scorpii
676 2658 708 2722 et
722 2659 881 2739 serpentes
896 2656 950 2737 qui
965 2655 998 2720 in
1009 2655 1091 2720 sicco
1102 2654 1292 2738 praeualsnt
1308 2656 1342 2720 in
1353 2666 1468 2737 aquam

336 2759 537 2841 praecipitati
552 2761 730 2843 praeualere
745 2760 876 2843 possunt
890 2760 946 2823 aut
961 2777 1018 2824 sua
1033 2774 1151 2823 usneua
1173 2758 1315 2837 retinere,
1336 2760 1468 2840 possunt

440 2992 566 3048 SICor.
585 2994 627 3060 10,
647 2996 671 3048 1.
690 2995 758 3050 M

390 3212 405 3266 1
417 3213 482 3270 iiso
582 3213 819 3283 Pbaptimbautur
828 3211 897 3285 ΕΦ
909 3213 1094 3283 (baptizantur
1102 3211 1192 3284 MQ1)
1295 3213 1469 3284 temptaban-

337 3299 385 3352 tur
398 3297 571 3369 BOEPQV,
583 3303 753 3357 tentanturo
898 3301 987 3355 sciant
999 3300 1028 3355 P
1171 3300 1190 3353 4
1202 3300 1278 3354 uirus
1294 3299 1318 3356 0
1327 3316 1360 3354 us
1372 3315 1434 3356 cco

337 3381 483 3440 admittere
498 3385 532 3442 0¹
691 3387 749 3442 bet
760 3403 810 3443 esra.
824 3387 888 3451 BP,
899 3389 942 3440 est
957 3387 991 3443 0¹
1151 3385 1167 3438 7
1180 3400 1246 3454 quo·
1260 3385 1296 3450 P,
1308 3384 1379 3454 quod
1394 3384 1428 3441 0¹

316 3522 319 3527 .
336 3469 356 3523 8
368 3473 534 3525 sacramento
547 3471 601 3542 EQ
686 3472 806 3527 didicens
816 3472 913 3542 paulus
926 3472 954 3526 B
1039 3469 1120 3540 enim]
1132 3472 1224 3525 autem
1240 3470 1264 3526 G
1348 3470 1383 3524 1o
1393 3469 1468 3539 quia]

339 3542 392 3623 quo
403 3539 460 3612 odi
476 3557 499 3613 0
574 3560 605 3613 11
615 3561 698 3629 price
710 3563 738 3614 et
748 3576 798 3615 cot
812 3561 840 3616 Β
908 3558 993 3628 mopsi
1005 3556 1068 3629 Eo,
1079 3572 1188 3626 moysen
1204 3557 1254 3613 OP
1332 3556 1366 3611 12
1377 3555 1468 3626 bapti·

337 3628 417 3697 nandi
431 3627 484 3710 'riq
494 3643 572 3715 bapti
583 3646 612 3701 P
741 3649 805 3700 sunt
817 3649 846 3701 et
859 3645 919 3716 QV,
931 3647 995 3700 sunt
1007 3644 1105 3701 Boreo
1235 3646 1264 3698 et
1274 3643 1304 3697 in
1316 3643 1386 3698 nube
1398 3647 1427 3698 et
1439 3643 1469 3698 in

338 3729 509 3784 marimP
594 3732 832 3788 13autemPe.t.
848 3731 1027 3796 catomo
1104 3729 1253 3785 iuerantB
1339 3730 1469 3786 lectiam

337 3814 545 3883 geriturmraB
656 3819 792 3875 utBs.t
904 3818 1107 3873 enorebistasP
1217 3815 1436 3872 ldbecexireG

337 3899 382 3954 dei
403 3917 454 3956 oca
475 3904 499 3957 0
649 3920 727 3974 saepe
746 3904 830 3975 dieat]
852 3920 881 3959 se
897 3903 1056 3974 predicato
1208 3903 1241 3957 17
1258 3889 1297 3971 iu]
1307 3887 1349 3956 ‘et
1365 3902 1395 3956 in
1407 3903 1435 3957 P

338 3985 373 4040 19
385 3973 418 4040 di
425 3992 560 4058 musmo
652 3990 806 4062 baptissimi
821 3990 963 4059 deceptus
1057 3989 1093 4043 20
1103 3989 1163 4043 illic
1174 4003 1223 4043 ona
1240 3988 1264 4045 0
1359 3988 1392 4042 21
1406 3986 1469 4041 sub-

336 4071 465 4140 primitur
476 4075 522 4130 mr
540 4081 623 4148 (appr.
636 4077 723 4148 unq)
776 4086 785 4101 ·
844 4062 1263 4139 commonitariarum
1386 4073 1421 4127 sa
1433 4072 1468 4143 eq

337 4157 438 4234 aiente
579 4180 649 4235 aqua
662 4165 689 4220 B
830 4163 865 4218 23
877 4178 931 4218 nou
943 4164 1054 4234 possunt
1069 4162 1108 4218 Oa
1190 4164 1195 4175 '
1244 4161 1469 4215 autsnausnena
1497 4194 1499 4200 -

338 4244 454 4302 retinere
465 4264 514 4303 orn.
531 4250 558 4305 V
657 4249 783 4320 retinere]
795 4267 826 4305 re
838 4251 864 4303 Β
966 4250 1087 4321 possunt]
1100 4249 1139 4303 sic
1155 4246 1193 4302 Os
