3570 4936
666 364 846 433 Epistulae
862 364 963 421 LVIL
982 383 1005 421 e.
1022 368 1102 422 4—5.
1384 370 1450 437 655

314 538 406 588 oues
427 536 530 585 meas
545 519 784 612 demanibus
807 539 938 587 eorum
960 523 999 588 et
1018 526 1191 590 auertam
1213 543 1293 606 eas,
1316 527 1454 590 utnon

315 626 477 709 pascant
497 641 586 689 oues
605 644 724 691 meas:
746 628 784 691 et
803 625 879 692 iam
900 643 973 691 non
993 629 1154 709 pascent
1172 647 1251 708 aas,
1272 630 1311 695 et
1331 631 1456 695 extra·

314 729 400 795 ham
432 746 522 793 oues
553 746 656 796 meas
689 730 734 795 de
761 747 824 794 ore
856 747 988 810 eorum
1020 731 1058 795 et
1086 749 1242 812 pascam
1274 752 1338 800 eas
1370 752 1456 824 cum

316 831 480 898 iudicio.

295 963 309 1001 ι
363 935 411 1001 Ne
425 935 526 1020 igitur
536 952 588 1000 ore
599 937 714 1016 nostro,
730 956 792 1020 quo
805 955 915 1020 pacem
930 954 1090 1022 negamus,
1108 954 1167 1019 quo
1183 938 1339 1006 duritiam
1353 940 1486 1027 magist

319 1039 474 1105 humanae
495 1040 693 1106 crudelitatis
715 1060 810 1124 qnam
831 1041 956 1107 diuinae
971 1043 1003 1106 et
1018 1043 1164 1124 paternae
1180 1041 1310 1123 pietatis
1325 1045 1456 1128 opponi-

319 1159 400 1221 mus,
420 1159 493 1207 oues
509 1142 599 1208 nobis
614 1145 801 1210 commissae
816 1165 836 1211 a
849 1144 984 1210 Domino
999 1143 1207 1227 reposcantur,
1230 1144 1350 1227 placuit
1365 1148 1455 1213 nobis

318 1246 423 1311 sancto
439 1245 552 1328 spiritu
567 1249 755 1333 suggerente
767 1249 800 1312 et
809 1247 944 1314 Domino
959 1267 1015 1331 per
1029 1248 1163 1314 uisiones
1178 1248 1296 1312 multas
1308 1250 1340 1312 et
1352 1251 1456 1316 mani·

318 1346 415 1414 festas
429 1348 624 1429 admonente,
646 1352 683 1416 ut
697 1352 771 1434 quia
785 1351 884 1417 hostis
898 1352 988 1417 nobis
1004 1350 1155 1416 inminere
1169 1352 1408 1434 praenuntiatur
1422 1354 1454 1418 et

283 1479 311 1519 ro
321 1452 504 1538 ostenditur,
531 1453 677 1538 colligere
702 1454 786 1519 intra
811 1455 915 1520 castra
938 1453 1058 1519 milites
1079 1453 1197 1519 Christi
1217 1456 1249 1519 et
1270 1455 1457 1521 examinatis

305 1555 516 1641 'singulorum
542 1557 645 1623 causis
670 1576 779 1639 pacem
807 1557 903 1639 lapsis
927 1557 1010 1637 duro,
1036 1558 1134 1622 immo
1158 1559 1347 1642 pugnatmis
1370 1577 1459 1624 arma

320 1677 497 1744 suggerere.
519 1659 601 1742 quod
623 1658 780 1725 credimus
802 1659 893 1726 uobis
917 1677 1038 1743 quoque
1058 1661 1205 1741 paternae
1225 1659 1457 1727 misericordiae

320 1760 581 1842 contemplatione
600 1761 803 1843 placiturum.
825 1763 907 1846 quod
929 1762 957 1826 si
973 1763 1011 1826 de
1030 1761 1159 1845 collegis
1181 1762 1295 1846 aliquis
1317 1764 1459 1829 extiterit
1569 1784 1571 1789 ·

320 1866 375 1948 qui
396 1866 549 1950 urguente
573 1865 744 1931 certamine
766 1884 873 1948 pacem
894 1865 1046 1931 fratribus
1061 1867 1093 1929 et
1107 1866 1264 1931 sororibus
1285 1885 1346 1932 non
1367 1867 1460 1949 putat

284 1969 467 2044 radandam,
491 1970 601 2035 reddet
623 1968 680 2036 ille
703 1969 858 2036 rationem
879 1970 912 2035 in
927 1970 978 2035 die
999 1969 1108 2036 iudicii
1123 1969 1257 2036 Domino
1279 1969 1331 2034 uel
1353 1969 1459 2053 inpor-

322 2073 417 2138 tunae
438 2090 586 2138 censurae
609 2074 661 2138 uel
682 2074 870 2140 inhumanae
893 2074 1029 2140 duritiae
1050 2092 1132 2140 suae.
1156 2091 1211 2139 nos
1233 2071 1318 2155 quod
1339 2072 1411 2138 fidei
1427 2073 1460 2139 et
1504 2068 1508 2074 ’

319 2176 443 2241 caritati
470 2177 502 2241 et
527 2177 733 2242 sollicitudini
759 2177 960 2263 congruebat,
990 2196 1068 2260 quae
1095 2180 1182 2242 erant
1211 2177 1244 2241 in
1272 2176 1460 2242 conscientia

318 2280 425 2344 nostra
458 2279 659 2361 protulimus,
702 2280 787 2345 diem
816 2279 997 2345 cemaminis
1027 2278 1299 2362 adpropinquasse,
1336 2279 1457 2345 hostem

319 2382 492 2448 uiolentum
513 2385 575 2449 cito
596 2386 704 2449 eontra
725 2401 781 2449 nos
803 2401 961 2466 exurgere,
989 2399 1126 2466 pugnam
1148 2399 1208 2446 non
1229 2380 1327 2446 talem
1351 2381 1455 2463 qualis

280 2515 309 2556 ao
319 2483 382 2551 fuit
396 2487 450 2551 sed
466 2486 644 2571 grauiorem
660 2486 762 2551 multo
778 2488 809 2551 et
824 2486 975 2551 aeriorem
990 2486 1105 2561 uenire,
1123 2483 1181 2548 hoc
1194 2484 1285 2548 nobis
1300 2484 1454 2548 diuinitus

318 2585 495 2669 frequenter
509 2588 641 2669 ostendi,
658 2589 697 2653 de
711 2588 770 2654 hoe
784 2605 840 2653 nos
851 2587 1049 2671 prouidentia
1060 2587 1093 2652 et
1103 2586 1317 2651 misericordia
1327 2585 1455 2651 Domini

370 2909 522 2964 lincaeo·
626 2908 683 2978 eas]
696 2924 740 2963 eos
756 2908 824 2965 GRe
927 2908 1033 2978 utnon]
1050 2924 1083 2962 ne
1099 2907 1176 2976 0013
1280 2911 1312 2962 ut
1324 2923 1377 2962 non
1389 2924 1414 2978 p.
1428 2923 1452 2962 o.

321 3008 396 3048 meas
407 3009 457 3048 em.
470 2992 546 3063 ΜΟ*
638 2994 762 3063 tpascaa
775 2994 802 3048 R
813 3011 827 3047 a
839 3009 908 3049 erce.
1002 2993 1087 3048 etiam
1101 2993 1177 3062 CLQ
1269 2998 1382 3063 pascant
1393 2993 1456 3059 ΕΡ,

319 3094 428 3149 pascam
438 3079 474 3135 M
486 3080 608 3149 (pascent
621 3078 645 3150 Q
656 3082 704 3135 sed
715 3096 729 3134 e
742 3082 832 3151 cora),
845 3095 955 3150 pascens
968 3080 996 3136 R
1007 3096 1020 3133 s
1032 3093 1102 3133 erac
1172 3079 1227 3149 ces]
1240 3094 1304 3133 ones
1316 3095 1391 3134 meas
1402 3080 1426 3134 0

320 3165 428 3220 traham
443 3166 465 3219 0
547 3168 686 3236 3pascam
697 3182 742 3220 eos
756 3168 784 3230 C,
795 3181 904 3235 pascam
917 3166 945 3222 R
1019 3165 1037 3219 5
1053 3165 1203 3235 qno-qno]
1216 3164 1429 3234 qnod-quode

323 3251 341 3306 6
352 3250 519 3305 dulcedinem
531 3251 641 3306 diuinoe
653 3252 753 3306 malam
763 3252 856 3306 Routt
862 3271 872 3319 ;
884 3251 997 3321 pietatis
1010 3250 1176 3305 dulcedinem
1186 3250 1333 3317 Erasmsee,
1345 3250 1459 3319 pietatis

323 3337 465 3392 lenitatem
483 3337 594 3406 metm,-
615 3339 652 3404 cf.
665 3339 743 3407 epist.
756 3342 794 3394 68
805 3355 827 3394 c.
842 3343 873 3392 1:
898 3337 1007 3392 diuinae
1024 3337 1136 3407 pietatis
1148 3339 1176 3390 et
1189 3336 1314 3390 lenitatis
1333 3338 1462 3406 paternae

321 3422 423 3476 solacia
491 3482 496 3491 ,
520 3423 720 3493 opponiatnrO
816 3424 832 3476 7
845 3407 912 3478 dn‘o‘s
923 3424 1097 3495 reposcantur
1111 3423 1133 3476 C
1230 3421 1307 3476 nobis
1320 3439 1370 3477 eeu.
1384 3423 1424 3477 ΡΙ

322 3492 438 3563 83ᾱῖιῖ
448 3506 530 3563 Used
541 3524 589 3564 aa
605 3495 621 3563 ἱ.
667 3498 669 3503 ’
739 3495 942 3564 tadmonem'nr
954 3523 989 3562 ax
1001 3511 1029 3562 et
1040 3508 1218 3562 admonentur
1231 3509 1255 3563 0
1352 3512 1385 3562 ut
1396 3508 1461 3579 quia

325 3583 861 3666 enPQe(conf.p.5ac,12),etquio
877 3595 911 3652 0¹
1013 3593 1190 3649 noorsnosos
1204 3596 1233 3660 o,
1246 3594 1334 3648 naeu
1348 3595 1392 3650 nv

320 3681 356 3736 10
366 3681 452 3752 intra]
464 3681 494 3735 in
507 3681 563 3746 0ss
578 3683 649 3736 inter
662 3681 692 3736 P
758 3684 787 3737 et
798 3697 848 3736 om.
861 3699 886 3747 v,
905 3683 937 3735 nt
951 3682 975 3735 0
1042 3680 1198 3751 resurgis
1210 3697 1244 3736 ec
1255 3681 1391 3752 eollegens
1405 3685 1429 3736 0

321 3766 356 3822 14
367 3767 492 3837 lugente
505 3767 533 3822 n
610 3766 727 3838 prensa
743 3767 773 3839 p,
786 3770 866 3837 putet
882 3753 936 3823 ν’·
987 3767 1076 3823 rann
1088 3767 1244 3839 amorre)
1314 3768 1387 3822 orem
1400 3769 1429 3824 n

319 3837 440 3924 dnouell
451 3854 552 3922 inape
564 3853 596 3910 F
662 3854 697 3909 16
709 3870 822 3910 censura
836 3855 869 3909 0¹
972 3853 1119 3908 inhumana
1131 3870 1165 3908 ex
1178 3856 1325 3909 inhumane
1337 3855 1402 3910 inc

322 3939 355 3993 17
367 3940 491 3994 coriatis
503 3939 567 4011 Fe,
580 3941 695 3995 canuto
708 3943 731 3995 0
818 3940 1010 3996 sollicitudinis
1022 3940 1086 4009 Fe,
1097 3940 1280 3995 sollicitudine
1297 3944 1319 3995 0
1398 3957 1462 3996 con·

318 4024 434 4080 'urebat
444 4025 480 4090 F,
492 4026 715 4098 congruebantQ
809 4027 843 4083 18
854 4027 1015 4098 pertulimus
1030 4025 1054 4097 Q
1144 4026 1188 4081 die
1201 4028 1229 4083 R
1319 4027 1461 4098 adpropin-

259 4178 261 4181 ,
321 4126 404 4181 qnsre
416 4111 468 4169 ΟΒ
571 4112 606 4167 19
624 4115 652 4166 et
669 4129 789 4184 pugnam
806 4114 850 4169 Po
952 4112 988 4167 20
1004 4111 1136 4167 diuinitus
1150 4114 1192 4177 0¹,
1210 4113 1311 4168 scimus
1328 4114 1463 4169 diuinitus

322 4197 400 4253 cedd.
418 4196 505 4253 exoa
609 4198 644 4253 e1
657 4197 812 4254 ostenditur
825 4198 901 4269 OFQ
919 4197 1049 4266 (ostendit
1061 4200 1107 4269 M)
1208 4200 1269 4271 nos]
1288 4200 1366 4257 nobis
1383 4199 1406 4270 Q

320 4283 507 4353 prouidentiae
519 4287 547 4339 et
558 4285 757 4342 miseriwrdiae
769 4286 807 4342 Μ
815 4283 998 4356 (prouidentia
1009 4286 1037 4339 et
1049 4284 1234 4342 misericordia
1248 4285 1284 4358 Q)
