3570 4936
582 345 763 416 Epistulae
781 348 909 405 LXIII.
928 367 951 405 c.
969 353 1078 410 13-15.
1331 356 1395 422 713

261 505 360 571 dato
386 504 423 568 et
450 504 654 570 doctrinas
682 503 881 571 hominum
910 507 1110 590 docentes,
1139 514 1308 579 etiterum
1331 512 1395 577 Do·

264 610 369 674 minus
384 607 416 671 in
432 608 593 693 euangelio
608 608 666 674 hoc
681 609 765 674 idem
782 608 906 691 repetat
921 608 1041 675 dicens:
1056 614 1214 681 reicitis
1238 616 1397 682 manda·

265 714 350 779 tum
376 710 449 774 Dei
482 715 524 778 ut
555 713 817 779 traditionem
845 712 1015 778 uestram
1043 717 1247 785 statuatis.
1282 720 1336 786 sed
1368 723 1400 786 et

267 817 330 882 alio
349 813 463 878 inlooo
483 816 572 899 ponit
593 818 625 882 et
646 816 738 883 dicit:
764 816 829 900 qui
852 816 1024 882 soluerit
1045 838 1157 886 unum
1180 842 1222 887 ex
1244 825 1400 890 manda·

244 920 324 985 stis
345 918 437 982 istis
458 921 634 986 minimis
657 922 697 986 et
719 921 776 987 sic
797 918 977 985 docuerit
998 918 1188 1002 homines,
1213 927 1401 994 minimus

267 1020 474 1087 uocabitur
506 1024 544 1088 in
576 1042 694 1108 regno
731 1023 941 1090 caelorum.
977 1020 1058 1106 quod
1079 1024 1106 1087 si
1128 1042 1184 1091 nec
1204 1029 1338 1094 minima
1359 1031 1398 1097 de

268 1123 425 1190 mandatis
440 1125 604 1193 dominicis
619 1127 693 1193 licet
709 1129 840 1205 soluere,
862 1129 978 1212 quanto
992 1127 1094 1212 magis
1108 1127 1176 1193 tam
1191 1150 1315 1216 magna,
1331 1134 1399 1198 tarn

268 1229 409 1315 grandia,
424 1231 490 1296 tam
506 1229 546 1297 ad
561 1230 665 1314 ipsum
681 1231 856 1296 dominicae
869 1231 1021 1315 passionis
1033 1232 1064 1294 et
1075 1232 1198 1296 nostrae
1213 1233 1402 1315 redemptio-

269 1333 319 1398 nis
340 1336 568 1399 sacramentum
589 1335 778 1416 pertinentia
801 1334 849 1398 las
871 1351 931 1398 non
953 1335 1001 1398 est
1015 1332 1183 1417 infringere
1197 1338 1253 1399 aut
1269 1336 1302 1399 in
1316 1335 1415 1402 aliud

234 1454 365 1519 coquam
385 1437 466 1519 qnod
482 1436 635 1502 diuinitus
650 1437 836 1501 institutum
852 1437 895 1501 sit
909 1437 1045 1501 humana
1064 1434 1232 1502 traditione
1254 1439 1403 1504 mutares

268 1560 341 1607 narn
362 1541 388 1605 si
404 1539 546 1605 Christus
561 1539 649 1604 Iesus
664 1539 817 1604 Dominus
835 1540 868 1603 et
885 1538 970 1603 Deus
985 1540 1089 1603 noster
1103 1538 1168 1619 ipse
1192 1542 1240 1604 est
1259 1559 1402 1606 summus

269 1643 412 1710 sacerdos
427 1642 486 1706 Dei
501 1643 600 1724 patris
617 1642 649 1706 et
664 1639 853 1706 sacrificium
869 1640 954 1723 patri
976 1659 1009 1705 se
1028 1640 1132 1721 ipsum
1153 1642 1270 1724 optulit
1293 1645 1325 1708 et
1344 1644 1403 1710 hoc

269 1746 337 1812 fieri
362 1745 395 1810 in
422 1744 471 1810 sui
498 1745 824 1810 commemorationem
851 1743 1021 1826 praecepit,
1047 1744 1155 1826 utique
1181 1745 1236 1809 ille
1261 1746 1404 1811 sacerdos

270 1849 340 1914 uice
361 1844 477 1911 Christi
501 1863 574 1910 uere
595 1845 739 1930 fungitur
759 1846 813 1929 qui
834 1844 868 1909 id
890 1846 971 1928 quod
995 1844 1135 1911 Christus
1159 1848 1235 1914 fecit
1258 1849 1405 1915 imitatur

237 1974 262 2015 ss
273 1953 304 2018 et
324 1948 511 2014 sacrificium
527 1966 637 2013 uerum
652 1952 685 2013 et
700 1949 828 2031 plenum
843 1949 919 2014 tunc
935 1949 1025 2013 offert
1040 1949 1071 2013 in
1088 1950 1215 2016 ecclesia
1230 1951 1295 2017 Deo
1310 1954 1403 2037 patri,

272 2055 300 2120 si
327 2054 372 2118 sic
400 2053 531 2134 incipiat
557 2051 666 2117 offerre
693 2051 863 2117 secundum
889 2053 970 2134 qnod
990 2053 1092 2135 ipsum
1115 2050 1280 2119 Christum
1300 2054 1406 2122 uideat

272 2156 431 2241 optulisse.

317 2257 461 2324 Ceterum
486 2258 587 2325 omnis
610 2259 773 2344 religionis
794 2260 826 2324 et
848 2259 992 2324 ueritatis
1014 2259 1179 2343 disciplina
1200 2263 1405 2341 subnectitur,
1421 2275 1459 2338 15

271 2364 333 2428 nisi
348 2361 382 2427 id
396 2361 479 2446 qnod
493 2361 680 2444 spiritaliter
695 2361 889 2445 praecipitur
905 2360 1039 2426 fideliter
1052 2366 1236 2441 reseruetur‚
1252 2365 1313 2429 nisi
1330 2365 1405 2429 siin

237 2464 433 2533 sosacrificiis
449 2465 614 2531 matutinis
629 2464 687 2530 hoc
703 2465 925 2546 misceretur,
947 2484 985 2528 ne
1005 2481 1059 2545 per
1078 2482 1219 2547 saporem
1235 2467 1303 2531 uini
1318 2469 1408 2532 redo·

274 2569 338 2632 leat
358 2568 544 2652 sanguinem
560 2565 686 2631 Christi.
708 2568 754 2632 sic
777 2583 850 2649 ergo
871 2566 983 2647 incipit
1005 2568 1037 2631 et
1051 2585 1071 2631 a
1085 2568 1227 2649 passione
1243 2567 1360 2633 Christi
1374 2569 1409 2633 in
1426 2642 1429 2649 ¹

273 2667 735 2753 persecutionibus‘lraternitas
750 2666 916 2745 retardari,
940 2667 1015 2732 dum
1030 2667 1063 2732 in
1083 2668 1293 2734 oblationibus
1314 2670 1410 2736 discit

378 2873 492 2928 aaran„
512 2873 537 2936 7,
557 2873 597 2927 13.
668 2875 686 2929 4
703 2872 804 2930 Matth.
822 2872 847 2936 5,
867 2873 909 2926 19.
970 2868 972 2875 ’

329 3063 345 3116 1
358 3061 488 3116 menos
502 3062 526 3116 S
608 3060 768 3131 hminimis]
781 3058 846 3113 aad.
862 3058 909 3113 8¹:
924 3059 993 3113 mihi
1006 3058 1123 3123 iecistis3
1136 3076 1198 3129 exp.
1211 3077 1246 3113 m.
1258 3063 1277 3114 2
1364 3059 1414 3130 sicl

277 3147 342 3218 siQ
445 3149 601 3218 'lmagnam
614 3146 647 3201 8¹
752 3145 873 3200 ehem.
889 3144 916 3200 Β
1025 3143 1059 3198 10
1070 3145 1199 3199 instItnm
1212 3147 1239 3201 P
1343 3148 1377 3200 11
1389 3146 1414 3200 si

277 3251 329 3290 om.
343 3236 370 3288 P
472 3235 544 3288 iesus
556 3233 676 3287 christus
689 3231 786 3302 LPQo
893 3231 926 3284 12
937 3231 1023 3300 patris
1035 3230 1063 3285 Β
1162 3231 1203 3302 sc]
1215 3233 1255 3287 sei
1269 3231 1298 3292 S.
1311 3235 1340 3285 et
1352 3231 1381 3286 Β

278 3320 380 3392 ipsum]
392 3322 480 3390 ipsum
492 3321 594 3389 primus
607 3318 736 3389 LPQRv
869 3317 1015 3371 obtulisset
1026 3316 1054 3371 Β
1185 3317 1223 3387 ct]
1237 3320 1325 3387 ipsum
1338 3321 1366 3371 et
1382 3316 1415 3387 Q,

278 3423 328 3462 om.
342 3406 370 3461 Β
507 3405 541 3460 13
558 3403 811 3459 commemoratione
830 3401 939 3472 LPQR
1076 3405 1160 3472 utque
1173 3403 1211 3458 Μ
1226 3403 1332 3474 (utique
1346 3402 1381 3473 Q)

279 3492 526 3562 14uice1quiuics
542 3488 566 3560 Q
702 3489 741 3560 id]
756 3489 821 3559 quid
832 3504 894 3557 exp.
909 3488 936 3542 L
1073 3488 1107 3541 15
1119 3489 1191 3557 patri
1204 3488 1240 3558 si]
1252 3489 1341 3558 patris
1353 3489 1383 3544 Β

280 3579 314 3633 16
327 3579 470 3633 secundum
483 3595 534 3634 om.
548 3575 572 3631 S
687 3577 721 3631 19
733 3576 758 3630 si
770 3592 821 3629 om.
835 3574 858 3629 S
959 3575 995 3629 20
1006 3588 1052 3643 per
1063 3588 1185 3642 saporem
1196 3590 1222 3627 u.
1235 3591 1257 3628 r.
1272 3591 1294 3628 s.
1307 3575 1416 3646 christi}

280 3666 375 3720 alnum
396 3664 494 3719 oh'erat
510 3679 544 3717 ne
561 3679 609 3733 per
627 3678 751 3732 saporem
772 3662 832 3715 uini
849 3662 929 3715 odore
947 3659 1096 3730 fraglantia
1116 3658 1288 3730 (flagrantem
1309 3660 1339 3723 C,
1362 3660 1418 3715 ira·

280 3753 377 3823 mahte
396 3750 502 3805 hcodd.
517 3749 602 3817 Fellc)
621 3747 685 3802 odor
699 3748 744 3813 (ab
762 3746 866 3802 infideli
884 3745 1048 3801 conscientia
1063 3744 1127 3799 odor
1142 3746 1165 3801 C
1181 3752 1207 3799 et
1219 3749 1237 3800 5
1248 3745 1338 3814 codd)
1357 3748 1416 3802 uiui

281 3839 354 3893 horis
366 3836 480 3903 (umbris
496 3836 530 3905 C)
541 3835 688 3889 matutinis
706 3833 791 3889 inerit
808 3835 919 3903 agnitus
938 3838 1155 3902 recognoscatur
1174 3847 1233 3886 esse
1250 3831 1417 3887 christianus

280 3923 344 3979 dnm
362 3939 410 3978 nos
428 3922 559 3992 sanguine
571 3923 743 3991 (sanguinem
761 3920 784 3976 C
794 3926 820 3974 et
833 3923 849 3973 5
861 3919 952 3987 codd.)
970 3918 1067 3974 christi
1079 3919 1108 3972 in
1120 3918 1179 3971 uini
1197 3917 1335 3973 oblatione
1352 3920 1416 3987 (om.

281 4011 311 4065 in
329 4009 388 4063 uini
408 4007 546 4063 oblatione
562 4007 596 4076 (ἶ)
616 4005 808 4061 coniunIImur
825 4007 1063 4072 (conmemoramus
1080 4006 1098 4057 5
1115 4002 1204 4071 cedd.)
1219 4003 1272 4060 Ro
1287 4006 1334 4073 (ξ
1349 4006 1417 4062 Cor·

280 4091 646 4165 emmerammenses
658 4093 758 4148 hedai
774 4091 861 4149 Osco.
959 4090 1029 4161 nihil
1041 4089 1105 4144 aeni
1117 4088 1181 4144 DS
1271 4090 1306 4146 21
1319 4093 1358 4146 sic

282 4183 380 4238 christi
392 4183 421 4236 in
433 4179 522 4236 om.S
622 4179 657 4233 22
669 4179 853 4250 persecutione
867 4177 894 4233 Β
997 4175 1154 4231 iratermtas
1170 4175 1412 4233 ...oblationibus

282 4267 373 4324 oms
472 4265 564 4336 discit]
578 4265 684 4321 dicitS
