3570 4936
325 342 389 408 790
722 335 869 395 Caecilii
892 338 1054 411 Cypriani

323 481 501 572 consecuti',
524 493 644 577 quando
666 494 732 577 ipse
747 493 889 564 Christus
909 497 1055 580 loquatur
1069 496 1101 560 et
1116 493 1214 558 dicat:
1235 478 1307 560 n'on
1328 493 1453 559 omnis

321 596 389 681 qui
410 596 507 662 mihi
529 597 642 677 dicit,
664 599 825 667 Domine
840 601 1016 678 Domine,
1038 595 1276 663 introibitiu
1291 615 1450 683 regnum

323 689 532 780 caelorum,
567 703 600 767 et
632 703 749 769 iterum
784 702 982 788 praemoneat
1016 700 1115 782 adque
1149 699 1285 766 instruat
1313 719 1351 766 ne
1379 698 1449 781 quis

323 823 342 869 a
356 803 628 887 pseudoprophetis
643 808 675 872 et
688 806 933 890 pseudochristis
947 805 980 869 in
994 802 1118 867 nomine
1133 818 1187 867 suo
1202 800 1295 868 facile
1308 801 1447 867 falletur.

322 906 455 986 multi,
483 908 594 992 iuquit,
621 912 781 978 uenient
807 910 847 976 in
873 906 1026 974 nomine
1052 922 1133 971 meo
1159 905 1348 971 diceutes:
1378 922 1471 989 egos

323 1027 404 1074 sum
433 1008 628 1094 Christus,
665 1016 703 1080 et
739 1011 883 1079 multos
919 1009 1081 1087 sallent,
1119 1009 1151 1073 et
1184 1010 1292 1092 postea
1325 1006 1467 1074 addidit'

322 1113 443 1180 dicens:
466 1134 532 1181 uos
553 1118 680 1183 autem
703 1116 847 1183 cauete.
871 1131 955 1179 ecce
976 1109 1154 1196 praedixi
1174 1110 1289 1177 uobis
1310 1110 1448 1176 omnia.

322 1214 404 1282 uude
432 1223 559 1302 apparet
589 1238 649 1285 non
675 1240 711 1285 ea
738 1217 849 1283 statim
876 1213 1072 1298 suscipienda
1097 1215 1129 1280 et
1153 1214 1342 1281 adsumenda
1371 1232 1449 1296 qnae

321 1319 478 1386 iactantur
510 1323 543 1386 iu
573 1321 688 1388 Christi
721 1320 855 1399 nomine,
891 1318 947 1384 sed
982 1336 1061 1400 quae
1089 1319 1241 1402 geruntur
1269 1318 1302 1382 in
1331 1315 1449 1382 Christi
1500 1326 1505 1334 '

322 1423 465 1489 ueritate.
1458 1439 1488 1479 ro

225 1591 229 1599 ,
273 1536 311 1601 17
364 1523 453 1603 Quod
482 1528 565 1593 euim
592 1528 624 1593 iu
650 1525 824 1612 euangeliis
850 1527 882 1591 et
907 1525 940 1590 in
966 1525 1176 1606 apostolorum
1205 1519 1348 1605 epistulis
1379 1520 1449 1585 [esu

322 1625 437 1693 Christi
452 1648 562 1694 nomen
576 1630 751 1696 insinuatur
764 1629 804 1693 ad
818 1628 1032 1694 remissionem
1046 1629 1252 1712 peccatorum,
1268 1625 1389 1691 nonita
1401 1626 1449 1690 eet

320 1730 409 1812 quasi
431 1734 488 1795 aut
509 1731 576 1796 sine
597 1734 685 1813 patre
708 1734 764 1796 aut
785 1733 892 1797 contra
911 1733 1033 1813 patrem
1048 1731 1189 1815 prodesse
1204 1730 1348 1813 cuiquam
1363 1728 1448 1794 solus

320 1829 405 1896 filius
429 1833 538 1913 possit,
564 1832 618 1896 sed
642 1835 680 1897 ut
700 1832 826 1896 Iudaeis
852 1834 905 1914 qui
931 1832 1116 1898 iactitebant
1137 1851 1170 1898 se
1190 1833 1310 1914 patrem
1336 1830 1449 1896 habere

320 1932 532 1998 ostenderetur
551 1935 632 2016 quod
651 1934 732 1998 nihil
753 1933 798 1997 eie
812 1937 902 2015 peter
915 1934 1094 2015 profuturus
1109 1936 1198 2015 esset,
1219 1935 1281 2000 nisi
1295 1935 1329 1999 in
1343 1932 1446 1998 filium
1457 1953 1485 1993 ss

320 2035 479 2100 crederent
493 2054 584 2118 quem
598 2036 654 2101 ille
669 2035 855 2100 misisset-
870 2053 943 2099 uam
958 2036 1012 2117 qui
1027 2035 1127 2101 Deum
1142 2038 1446 2118 creatorempatrem

320 2136 468 2216 sciebant,
484 2137 585 2202 filium
596 2156 715 2220 quoque
727 2135 884 2201 Christum
901 2138 979 2201 scire
990 2136 1143 2202 debebant
1154 2173 1205 2212 -,
1221 2155 1276 2201 nee
1286 2137 1346 2201 sibi
1357 2137 1447 2200 blun-

320 2238 462 2305 direntur
473 2241 505 2304 et
514 2238 696 2323 plauderent
707 2240 745 2304 de
756 2239 821 2303 solo
832 2240 921 2323 patre
932 2239 998 2305 siue
1008 2238 1066 2305 filii
1081 2240 1148 2305 eius
1162 2240 1329 2326 agnitione,
1346 2239 1400 2321 qui
1415 2240 1448 2303 et

321 2341 459 2408 dicebat:
493 2359 597 2407 nemo
627 2341 735 2407 uenit
764 2340 809 2405 ad
837 2344 989 2424 patrem
1019 2343 1098 2407 nisi
1126 2361 1192 2424 per
1219 2361 1283 2406 me.
1313 2341 1447 2407 duorum

319 2447 425 2511 autem
443 2445 651 2529 coguitionem
668 2461 734 2508 esee
749 2460 827 2526 quae
842 2444 945 2509 saluet
960 2445 1044 2510 idem
1057 2445 1123 2529 ipse
1134 2444 1314 2510 manifestat
1325 2443 1445 2509 dicens:
1456 2463 1486 2506 ro

319 2548 414 2614 haec
447 2551 506 2614 est
538 2547 621 2611 uita
653 2547 811 2611 aeterua
843 2546 885 2610 ut
918 2548 1155 2631 cognoscant
1187 2550 1224 2613 te
1256 2547 1381 2614 solum
1411 2548 1448 2611 et

319 2670 452 2716 nerum
472 2650 595 2716 Deum
621 2651 659 2714 et
680 2665 791 2731 quem
819 2649 970 2714 misisti
991 2648 1118 2715 Iesum
1140 2649 1346 2716 Christum.
1375 2669 1448 2714 curn

319 2771 393 2838 ergo
413 2772 450 2819 er
469 2754 568 2838 ipsius
583 2750 699 2818 Christi
722 2747 951 2832 praedicatione
972 2754 1005 2817 et
1019 2753 1241 2819 mntesutione
1263 2755 1350 2836 pater
1373 2752 1447 2817 ante

422 2956 550 3010 lustru.
570 2957 593 3021 7,
611 2957 653 3011 21.
724 2957 835 3012 5Marc
856 2958 897 3022 13,
915 2957 932 3012 6
951 2955 994 3026 (cf.
1007 2955 1106 3011 Matth.
1126 2955 1167 3018 24,
1186 2955 1230 3023 5,).
1248 2955 1290 3010 23.
1362 2953 1447 3008 1910.

320 3040 361 3106 14,
380 3041 405 3096 6.
476 3041 510 3095 21
527 3041 566 3097 Io.
585 3042 625 3105 17,
644 3042 670 3096 3.

370 3215 448 3282 1ris
460 3228 616 3283 sumena
751 3228 1013 3284 audemusne
1144 3227 1447 3293 animaduersio

321 3311 417 3369 once
518 3314 581 3369 3ne
592 3315 662 3386 quis]
675 3331 733 3384 neq.
748 3315 777 3369 Β
877 3315 1124 3384 dpheudochristis
1136 3316 1167 3379 T,
1178 3312 1375 3384 pseudochristi
1384 3313 1413 3369 L

317 3397 335 3452 6
347 3398 459 3470 multos]
471 3416 518 3469 per
529 3400 629 3454 mulus
642 3401 670 3455 Β
793 3400 809 3454 7
821 3403 912 3455 omnia
923 3417 973 3455 osu
987 3400 1042 3457 Bc
1160 3400 1178 3455 9
1190 3400 1288 3455 christi
1298 3400 1406 3455 nomine
1418 3401 1448 3455 P

317 3483 590 3540 aadnomineinras.
603 3489 678 3555 Μ,
690 3487 798 3541 nomine
809 3486 907 3541 christi
919 3504 943 3552 o,
957 3486 1089 3556 sanguine
1102 3487 1130 3541 Β
1247 3485 1444 3542 sedPs'nrus.

316 3585 351 3624 oa
363 3573 383 3625 2
497 3574 661 3640 quaeruntur
672 3572 739 3641 (pro
750 3586 818 3639 quae
830 3574 974 3642 geruntur)
986 3572 1016 3626 in
1029 3572 1125 3627 christi
1137 3571 1253 3627 ueriute
1264 3570 1330 3626 add.
1342 3572 1371 3625 P
1379 3587 1414 3625 m.
1427 3574 1446 3625 2

316 3656 349 3710 in
358 3672 445 3729 marp.
572 3656 673 3711 christo
688 3658 725 3712 1¹¹
851 3659 885 3713 11
896 3663 926 3712 et
936 3659 975 3729 in]
988 3660 1017 3713 et
1029 3658 1095 3714 ΒΟΙ
1214 3658 1396 3728 apostulorum
1409 3656 1445 3720 L,

317 3745 473 3810 apostorum
487 3744 513 3798 Τ
621 3744 655 3799 13
666 3748 770 3814 petrem
782 3744 809 3799 P
911 3745 945 3800 14
957 3747 989 3799 ut
1003 3746 1059 3801 To.
1072 3747 1099 3814 t,
1112 3761 1162 3800 osu
1176 3744 1260 3799 BLP
1361 3744 1446 3797 iacta·

317 3827 385 3881 bunt
400 3829 500 3885 GP¹T¹
595 3829 629 3884 15
640 3831 717 3900 pater
728 3847 781 3885 nou
796 3831 873 3885 Tter
883 3831 917 3885 in
927 3846 983 3886 raa.
1078 3831 1134 3885 uisi
1145 3830 1173 3885 L
1183 3830 1234 3886 at
1329 3828 1384 3882 nisi
1398 3867 1405 3881 .
1417 3868 1440 3882 ..

316 3913 439 3968 misisset
450 3931 500 3969 osu
516 3916 542 3971 T
634 3917 668 3971 16
678 3903 783 3985 patr'e‘ru
795 3919 942 3971 uectorem
953 3933 970 3972 o
1063 3917 1096 3971 17
1109 3915 1222 3987 quoque]
1235 3915 1293 3970 eius
1304 3913 1370 3970 edd
1383 3913 1412 3968 Β

315 3997 432 4054 debeant
447 3995 521 4056 ΟΨ
630 4003 688 4073 uec]
700 4017 734 4056 ue
745 4002 831 4059 Naro
941 4002 977 4057 18
987 4001 1029 4057 iili
1040 4003 1133 4060 ΙιΡΤ1
1240 4000 1398 4071 adgnicione
1409 3999 1447 4066 L,

316 4083 489 4155 udsgutiom
503 4088 539 4141 T·
676 4088 725 4156 qui
738 4089 975 4160 ...cognitionem
986 4104 1036 4143 om.
1049 4088 1076 4143 Β
1216 4087 1250 4142 19
1261 4085 1355 4141 ueniat
1366 4083 1407 4138 L¹

315 4169 729 4252 20esse]esseinseOsser.t
849 4174 1134 4245 2lestlestautenrv
1246 4169 1413 4241 idexletc

313 4257 521 4329 contestaione]
534 4259 707 4315 consensione
717 4260 746 4315 Β
