3570 4936
663 377 843 448 Epistulae
860 378 981 434 LXXV.
1000 396 1022 434 c
1041 379 1152 434 14—17.
1405 380 1469 447 821

333 535 497 620 euangelio
512 537 664 622 [quando]
681 535 714 601 in
728 532 810 600 solos
825 534 982 618 apostolos
996 535 1169 603 insufflanit
1184 534 1328 604 christus
1348 535 1469 602 diceus:

335 637 506 721 accipite
547 640 731 723 spiritum
775 638 962 703 sanctum.
1005 637 1039 703 si
1074 639 1185 706 cuius
1225 640 1468 707 remiseritis

333 743 509 826 peccata,
543 743 804 811 remittentur
835 740 919 806 illi:
955 741 994 805 et
1026 740 1060 805 si
1092 744 1203 808 cuius
1235 742 1469 824 tenueritis,

335 845 583 913 tenebuntur.
599 847 739 931 potestas
751 865 825 931 ergo
835 845 1032 929 peccatorum
1044 845 1306 912 remittendorum
1320 846 1469 931 apostolis

311 946 412 1014 adata
433 950 482 1014 cst
505 952 537 1016 et
558 949 696 1017 ecclesiis
722 970 798 1034 quas
820 949 870 1016 illi
890 967 910 1014 a
929 946 1052 1013 Christo
1077 948 1166 1014 missi
1188 951 1417 1017 constituerunt
1437 952 1470 1016 et

336 1050 488 1134 episcopis
509 1054 563 1136 qui
585 1053 630 1120 eis
651 1054 845 1120 ordinatione
866 1051 985 1119 uicaria
998 1053 1220 1116 successerunt.
1242 1052 1348 1120 hostes
1362 1055 1470 1121 autem

337 1153 430 1220 unius
445 1155 615 1223 catholicae
631 1157 788 1239 ecclesiae,
807 1158 841 1223 in
855 1175 917 1240 qua
930 1173 987 1221 nos
1002 1171 1121 1230 sumus,
1136 1155 1169 1219 et
1183 1155 1356 1222 aduersarii
1369 1156 1470 1224 nostri
1602 1234 1605 1239 Α

338 1256 393 1338 qui
421 1259 570 1341 apostolis
598 1262 805 1326 successimus
834 1258 1008 1327 sacerdotia
1036 1256 1097 1322 sibi
1125 1257 1250 1325 inlicita
1279 1262 1385 1327 contra
1413 1278 1470 1327 nos

337 1361 533 1427 uindicantes
555 1362 588 1427 et
609 1363 723 1429 altaria
748 1364 877 1446 profana
897 1362 1046 1448 ponentes
1069 1359 1145 1442 quid
1168 1360 1256 1426 aliud
1277 1366 1352 1428 sunt
1374 1382 1471 1446 quam

300 1489 330 1528 11
340 1462 416 1531 Cora
438 1467 471 1531 et
484 1466 609 1532 Dathan
631 1469 663 1531 et
678 1466 798 1532 abiron
817 1467 887 1550 pari
907 1465 1023 1530 scelere
1039 1461 1182 1547 sacrilegi
1200 1464 1233 1529 et
1247 1462 1371 1529 easdem
1393 1484 1470 1547 quas

338 1569 370 1634 et
390 1568 441 1634 illi
460 1586 574 1653 poenas
600 1569 706 1635 daturi
729 1555 801 1634 cum
823 1569 872 1635 his
894 1568 948 1651 qui
970 1566 1033 1632 sibi
1054 1565 1272 1631 consentiunt?
1299 1567 1471 1632 secundum

337 1672 542 1755 quodetiam
568 1673 643 1738 tunc
667 1673 796 1738 illorum
822 1670 990 1755 participes
1016 1670 1048 1733 et
1069 1666 1205 1734 fautores
1230 1668 1300 1752 pari
1326 1688 1399 1734 cum
1425 1669 1471 1736 eis

338 1776 438 1841 morte
451 1775 621 1857 perierunt.

380 1876 485 1959 Atque
506 1895 563 1962 ego
578 1880 611 1943 in
626 1878 686 1944 hac
700 1879 789 1961 parte
810 1878 894 1945 iuste
914 1877 1061 1963 indignor
1080 1878 1120 1944 ad
1138 1878 1219 1944 hanc
1239 1878 1307 1943 tam
1329 1878 1521 1961 apertamli

301 1979 371 2044 1111
384 1979 583 2045 manifestam
598 1980 953 2063 Stephani-stultitiam,
977 1982 1059 2065 quod
1080 1981 1135 2063 qui
1155 1981 1200 2048 sic
1221 1981 1259 2046 do
1275 1979 1471 2064 episcopatus

339 2082 389 2147 sui
414 2082 482 2148 loco
508 2082 662 2168 gloriatur
688 2085 720 2148 et
746 2103 779 2149 se
805 2084 1032 2150 successionem
1057 2083 1145 2150 Petri
1170 2086 1275 2149 tenere
1300 2080 1471 2161 contendit,

339 2203 433 2267 super
457 2203 549 2266 quem
573 2186 777 2252 fundamenta
800 2187 948 2253 ecclesiae
970 2186 1121 2252 collocata
1141 2187 1225 2264 sunt,
1251 2185 1371 2251 multas
1391 2183 1471 2248 alias

338 2291 442 2370 petras
452 2287 582 2354 inducat
594 2290 627 2353 et
637 2289 840 2354 ecclesiarum
854 2289 1028 2354 multarum
1043 2306 1123 2355 noua
1133 2288 1274 2354 aedificia
1288 2287 1470 2364 constituat,

338 2390 414 2455 dum
429 2407 495 2456 esse
509 2389 577 2456 illic
591 2391 748 2474 baptisma
763 2410 820 2457 sua
834 2391 1022 2457 auctoritate
1037 2390 1186 2456 defendit.
1201 2409 1276 2456 nam
1291 2388 1346 2472 qui
1361 2388 1468 2472 bapti·

297 2492 447 2563 arantur
479 2491 634 2575 complent
664 2493 731 2559 sine
758 2493 853 2559 dubio
883 2493 1031 2563 ecclesiae
1057 2511 1239 2558 numerum:
1276 2490 1331 2573 qui
1360 2492 1465 2557 autem

337 2594 496 2677 baptisma
510 2612 617 2660 corum
631 2595 751 2680 probat
768 2597 807 2661 de
821 2596 990 2680 baptizatis
1006 2599 1038 2661 et
1053 2595 1215 2661 ecclesiam
1230 2595 1299 2660 illic
1314 2612 1380 2660 esse
1395 2610 1468 2658 con-

335 2695 448 2762 firmat.
476 2715 532 2762 nec
558 2698 718 2783 intellegit
743 2698 888 2764 offuscari
914 2717 934 2764 a
959 2715 992 2762 se
1017 2701 1049 2763 et
1074 2697 1208 2780 quodam
1234 2698 1327 2763 modo
1352 2695 1469 2762 aboleri

336 2798 524 2864 christianae
544 2801 650 2881 petrae
673 2802 842 2866 ueritatem
862 2799 919 2882 qui
939 2800 985 2865 sic
1003 2798 1109 2883 prodit
1123 2800 1156 2864 et
1169 2799 1288 2866 deserit
1302 2799 1468 2865 unitatem.

335 2899 467 2966 Iudaeos
486 2901 592 2967 tamur
612 2903 758 2984 quamuis
772 2903 951 2988 ignorantia
964 2920 1070 2968 caecos
1084 2902 1117 2968 et
1130 2903 1319 2986 grauissimo
1332 2901 1470 2969 facinore

300 3029 328 3071 11
338 3004 522 3069 constrictos
537 3004 639 3069 uelum
653 3005 712 3070 Dei
727 3004 888 3088 apostolus
903 3004 1016 3072 hubone
1030 3003 1200 3087 profitetur.
1224 3001 1398 3089 Stephanus
1413 3004 1469 3088 qui

335 3124 390 3188 per
418 3107 642 3172 successionem
671 3106 852 3173 cathedram
877 3106 967 3173 Petri
995 3107 1108 3172 habere
1133 3124 1166 3172 se
1190 3107 1351 3190 praedicat
1379 3106 1469 3172 nullo

335 3208 484 3275 aduersus
504 3210 674 3276 haereticos
694 3209 760 3275 zelo
781 3210 943 3290 excitatur,
965 3209 1132 3275 concedens
1152 3208 1219 3274 illis
1237 3226 1299 3274 uon
1312 3208 1470 3276 modicam

337 3310 392 3375 sed
412 3311 583 3378 maximam
603 3312 723 3397 gratiae
743 3313 943 3395 potestatem,
965 3313 1002 3377 ut
1019 3311 1106 3376 dicut
1126 3328 1176 3375 eos
1192 3312 1224 3375 et
1238 3310 1401 3376 adseueret
1414 3329 1471 3393 per

337 3415 487 3499 baptismi
508 3418 739 3482 sacramentum
760 3417 866 3482 sordes
886 3415 1001 3482 ueteris
1021 3413 1156 3479 bominis
1177 3413 1314 3492 abluere,
1340 3412 1471 3495 antiqua

298 3518 448 3585 somortis
463 3519 588 3601 peccata
602 3519 725 3597 donaro,
742 3519 974 3604 regeneratione
990 3517 1116 3583 caelesti
1131 3517 1212 3584 lilios
1228 3517 1288 3583 Dei
1303 3516 1413 3595 facere,
1429 3516 1470 3582 ad

336 3622 495 3686 aeternam
517 3621 618 3687 uitam
640 3622 742 3688 diuini
764 3623 884 3689 lauacri
905 3621 1148 3688 sancbbcatione
1167 3639 1321 3704 reparare.
1347 3638 1427 3703 quae
1442 3620 1470 3686 si

439 3807 573 3872 11120,
592 3808 635 3863 22.
653 3809 697 3863 23.

389 3961 819 4035 manasticam
945 3962 1248 4033 totorumeche)
1369 3960 1470 4018 dordi-

335 4047 475 4104 nationem
490 4048 515 4119 Q
600 4048 732 4106 1311111111
743 4067 794 4106 erra
807 4051 859 4106 El
942 4052 977 4106 14
988 4054 1082 4122 aperta
1097 4049 1120 4121 Q
1204 4050 1240 4103 22
1250 4048 1389 4104 obfuscari
1402 4049 1438 4105 lc

336 4133 480 4206 adoleriQ
616 4135 835 4207 tdignorsntiee
847 4137 921 4209 Ero
1065 4134 1251 4206 1811111110
1391 4135 1475 4200 totle

336 4220 377 4274 eis
389 4220 444 4292 EQ
545 4237 594 4292 per
606 4238 656 4278 ona
670 4222 708 4279 Μ
717 4225 790 4292 (ech
807 4224 844 4295 Q)
954 4223 990 4279 31)
1001 4224 1050 4282 deo
1064 4219 1212 4296 01111111)
1327 4222 1365 4279 111
1377 4219 1478 4281 canob-

335 4304 527 4379 tlcationemQ
630 4309 1046 4387 quaesiMQ¹‚quisiQ²,qni
1058 4311 1093 4367 lc
