3570 4936
830 168 835 177 '
938 160 943 209 Ι

331 312 399 379 486
731 304 877 365 Caecilii
899 305 1061 380 Cypriani

333 483 394 549 qne
407 462 490 529 reete
500 459 617 543 lecerit,
627 465 788 552 propterea
799 485 871 534 oum
883 466 925 533 sit
935 485 1063 554 persona
1076 467 1207 553 insignis
1217 469 1240 552 †
1250 467 1282 535 et
1291 464 1467 535 inminente

333 585 431 652 agone
445 584 537 649 quem
549 568 691 654 permisit
703 571 788 639 Deus
801 571 836 637 in
857 572 977 638 saeculo
999 572 1185 639 oossuetandi
1207 591 1298 639 eausa
1312 572 1461 638 aduersa·

332 669 415 735 rium
429 668 524 735 simul
538 690 608 739 oum
630 674 729 741 seruis
750 677 825 758 suis,
848 678 956 743 uolens
977 676 1071 742 stiam
1094 676 1213 762 augelis
1234 679 1266 742 et
1279 674 1461 770 hominibus

330 776 484 841 eertameu
497 775 555 844 hoo
576 779 789 863 manifestare,
812 782 921 866 utqui
935 782 1047 849 uicerit
1061 784 1237 864 coronetur,
1259 782 1362 849 uirtus
1383 796 1459 846 uero

329 878 534 963 repertauerit
548 882 580 949 in
595 902 628 950 se
643 885 829 952 sententiam
849 905 927 970 quae
948 886 1037 952 nobie
1050 885 1248 952 manifestata
1261 888 1315 952 est
1343 884 1375 950 et
1385 902 1481 951 eume

330 980 491 1050 incumbat
516 985 683 1071 nobisqui
711 988 1043 1074 uidemurpraepositi
1070 1007 1134 1055 esse
1156 989 1188 1053 et
1208 989 1277 1054 uioe
1298 988 1459 1072 pastorum

329 1086 484 1154 custodire
497 1108 633 1177 gregem,
655 1091 683 1157 si
698 1093 896 1180 neglegentes
909 1093 1113 1172 inueniamur,
1134 1090 1255 1157 dicetur
1269 1090 1358 1157 nobie
1373 1088 1457 1175 quod

329 1192 363 1257 et
377 1192 618 1262 antecessoribus
632 1195 747 1263 uostris
769 1196 889 1262 dietum
904 1198 961 1276 est,
984 1196 1037 1279 qni
1059 1196 1126 1261 tam
1147 1193 1347 1280 neglegentes
1367 1212 1457 1278 prae-

327 1293 423 1377 positi
435 1297 530 1375 eraut,
552 1296 696 1380 quoniam
707 1299 866 1383 perditum
877 1317 936 1365 non
951 1298 1168 1382 requisiuimue
1183 1298 1215 1363 et
1229 1298 1382 1363 errantem
1396 1313 1458 1363 non

328 1399 513 1465 eorrerimue
527 1402 559 1465 et
574 1400 717 1466 olendum
739 1418 800 1467 non
820 1401 1036 1488 eolligauimus
1051 1403 1083 1467 et
1096 1402 1209 1468 laetem
1225 1417 1331 1465 eorum
1345 1398 1458 1464 edeba
1467 1417 1496 1460 ιο

326 1520 398 1567 mus
420 1502 452 1568 et
471 1502 550 1588 lanis
571 1521 676 1569 eorum
698 1504 922 1588 operiebamur.
952 1504 1082 1588 denique
1096 1507 1128 1570 et
1147 1505 1214 1587 ipse
1228 1502 1380 1569 Dominus
1394 1501 1457 1566 im·

328 1604 415 1688 plens
429 1623 505 1688 quae
520 1608 606 1672 erant
623 1605 741 1689 scripta
754 1608 788 1672 in
809 1607 878 1692 lege
893 1610 925 1674 et
947 1607 1108 1692 prophetis
1129 1606 1218 1672 ‹looot
1239 1606 1362 1671 diosus:
1384 1621 1457 1689 ego

327 1725 410 1772 sum
431 1709 564 1790 pastor
583 1709 719 1790 bonus,
748 1709 817 1793 qui
838 1728 934 1793 pono
956 1710 1122 1775 animam
1145 1727 1266 1775 meam
1287 1725 1354 1790 pro
1375 1707 1458 1772 oui·

327 1809 397 1874 bus
429 1811 539 1876 meis.
580 1813 877 1895 mercennarius
910 1815 1037 1879 autem
1067 1813 1105 1876 et
1133 1812 1243 1879 ouius
1264 1830 1338 1876 non
1365 1810 1457 1876 sunt

327 1913 507 1998 propriae
534 1931 643 1991 oues,
675 1932 759 1979 oum
787 1914 946 1979 uiderit
970 1916 1102 1997 lupum
1131 1915 1371 1992 uenientem,
1398 1931 1494 1978 rea

326 2015 477 2096 linquit
498 2015 535 2079 et
556 2015 676 2100 fugit,
699 2015 867 2098 etlupus
887 2016 1090 2100 dispargit
1105 2035 1176 2081 eas.
1207 2015 1262 2080 sed
1282 2018 1315 2081 et
1335 2014 1455 2081 Simoni

326 2119 372 2183 sio
392 2116 483 2182 dicit:
509 2117 651 2202 diligis
673 2121 753 2182 me?
774 2118 980 2200 respondit
1009 2118 1145 2202 diligo.
1176 2120 1233 2184 ait
1256 2117 1306 2183 ei:
1338 2136 1455 2203 passe

326 2238 415 2286 oues
445 2238 569 2313 meas.¹
584 2220 642 2286 boe
662 2219 793 2284 uerbum
809 2219 926 2284 laetum
941 2238 977 2284 ex
991 2221 1062 2283 aotu
1077 2220 1143 2302 ipso
1158 2238 1218 2301 quo
1233 2220 1327 2285 oessit
1341 2237 1454 2304 eogno-

325 2324 450 2400 seimus,
473 2323 504 2387 et
518 2323 613 2389 oeteri
627 2322 774 2405 discipuli
789 2321 936 2387 similiter
949 2322 1095 2388 fecerunt.

296 2428 317 2491 2
368 2424 522 2491 Nolumus
543 2445 625 2512 ergo,
646 2425 759 2492 iratres
774 2424 981 2504 dilectissimi,
996 2426 1219 2491 mercennarios
1233 2424 1376 2504 inueniri,
1398 2422 1493 2491 sedeo

324 2527 420 2593 bonos
434 2529 581 2611 pastores,
595 2548 665 2594 oum
681 2529 789 2594 soiatis
803 2532 873 2594 tum
887 2546 947 2594 nou
962 2528 1129 2593 minimum
1143 2527 1316 2611 perieulum
1330 2527 1454 2592 ineun-

323 2631 406 2706 bere,
422 2630 448 2694 si
462 2648 522 2696 non
532 2632 647 2698 hortati
662 2631 786 2697 fueritis
797 2631 909 2697 fratres
922 2632 1042 2697 nostros
1053 2632 1136 2696 stare
1147 2631 1180 2695 in
1190 2629 1250 2694 fide
1264 2628 1452 2708 immobiles,

325 2752 364 2799 ne
374 2751 517 2817 praeceps
530 2736 637 2801 euntes
649 2735 689 2800 ad
699 2734 910 2800 idololatriam
921 2734 1063 2801 funditus
1078 2733 1250 2799 eradicetur
1260 2731 1450 2799 fraternitas

327 2852 385 2900 neo
406 2834 489 2900 enim
502 2835 560 2902 hoo
574 2837 676 2902 solum
689 2836 795 2903 uerbis
809 2854 865 2902 uos
879 2838 1048 2916 hortamur,
1071 2836 1125 2902 sed
1147 2837 1263 2901 dissere
1276 2836 1420 2919 poteritis
1433 2852 1454 2900 a

427 3072 679 3160 mmmmm
733 3074 934 3139 mmmm

376 3283 532 3352 lpterean
589 3281 771 3351 onm1quodo
840 3280 1026 3350 imminentia
1087 3265 1208 3351 ἳᾱῆἶμ
1284 3279 1453 3336 maduer-

324 3368 423 3423 sarioo
493 3366 703 3423 tseruosuoT
774 3367 1016 3436 bportauerituo
1089 3366 1314 3437 manifestavero
1389 3382 1451 3422 eum

323 3469 406 3525 σιμ
465 3452 657 3511 binoumbaut
671 3453 725 3522 Τφ,
744 3450 909 3521 incumbite
966 3454 1099 3521 pastorem
1113 3454 1144 3517 Τ,
1162 3452 1330 3524 patarinum
1376 3451 1451 3507 leu-

323 3540 493 3596 storlireml’
540 3529 773 3608 inueniunturoro
823 3537 1082 3608 8ueglegenterea
1129 3539 1164 3593 10
1181 3537 1316 3609 cloduma
1369 3538 1451 3593 eolle-

323 3625 698 3697 gauimuaffloellegimuage
768 3627 900 3693 etone
956 3623 1279 3695 lwmwmlaetantemgo
1336 3625 1452 3695 Πομ·

322 3712 691 3781 ηδαιηητΊζοροήιωαιμ
739 3709 1018 3779 rampe-ermae
1061 3709 1259 3781 dooetosnpro
1304 3709 1405 3781 ‹lixitp

321 3799 357 3853 15
373 3798 611 3868 ouesproprieoro
684 3795 794 3864 uidete
864 3794 999 3865 relinquet
1012 3797 1038 3851 T
1111 3797 1145 3852 16
1161 3799 1190 3851 et
1206 3796 1276 3851 dixit
1286 3796 1398 3867 fugitas

321 3884 510 3955 eaelouesoao
583 3884 616 3937 17
638 3882 772 3954 sicma
848 3881 882 3937 18
899 3881 1089 3950 laetnmeatu
1159 3886 1219 3938 aeto
1234 3884 1327 3952 Τφμω
1395 3898 1450 3953 quo

321 3973 459 4040 gestumo
526 3968 1139 4038 sommueassectiuimie,auuoso
1206 3970 1396 4040 meromariip

321 4056 470 4111 inueniret
513 4055 659 4125 albenio
705 4057 885 4126 tumorem
931 4055 1138 4127 ttinerimuag
1185 4056 1392 4136 amom-

320 4140 440 4197 fldeml'
509 4141 775 4213 aarum„
850 4142 1140 4213 emtealienaOnosu
1213 4143 1450 4214 ydolatriamw,

320 4225 447 4283 idolatria
461 4228 503 4300 Τμ
560 4226 594 4283 24
611 4227 803 4299 solumbaeep
862 4226 952 4284 uerbis
962 4245 1012 4285 our.
1025 4246 1051 4284 ao
1109 4231 1248 4285 hortamur
1263 4245 1345 4298 noso
