3570 4936
558 327 739 399 Epistulae
755 328 874 384 LVIII.
892 331 987 386 8-11.
1270 330 1335 399 665

205 483 320 552 uictrix
345 482 455 568 lingna
479 482 624 549 fateatur.
650 501 808 550 armemus
828 485 860 549 et
880 485 1038 554 demetam
1057 490 1163 573 gladio
1186 481 1333 575 spiritali,

206 589 244 654 nt
258 585 408 655 sacrificia
422 585 545 654 funesta
557 586 683 653 fortiter
696 588 831 671 respuat,
850 589 888 653 ut
902 589 1106 658 eucharistiae
1121 611 1242 660 memor
1255 610 1336 676 quae

206 689 334 757 Domini
357 706 465 772 corpus
481 690 600 776 ‚accipit
620 691 725 775 ipsum
747 691 969 775 conplectatur,
992 695 1191 778 postmodum
1206 695 1336 763 Domini

207 796 369 880 sumptura
382 797 557 876 praemium
571 797 752 863 caelestium
767 813 955 862 coronarum.

184 926 199 967 a
251 901 275 967 0
288 900 354 964 dies
368 897 424 965 ille
438 902 539 983 qualis
554 904 586 966 et
600 904 735 985 quantus
750 899 906 978 adueniet,
920 899 1031 965 batres
1041 900 1249 984 dilectissimi,
1264 922 1337 972 enm
1349 900 1388 963 to

207 1004 343 1087 coeperit
357 1004 507 1089 populum
523 1025 615 1071 sunm
630 1005 782 1071 Dominus
793 1021 950 1070 recensere
964 1006 996 1068 et
1010 1003 1135 1070 diuinae
1149 1006 1337 1092 cognitionis

207 1107 347 1173 examine
369 1107 565 1200 singulorum
585 1109 699 1175 merita
716 1125 945 1194 recognoscere,
968 1107 1095 1174 mittere
1116 1109 1149 1173 in
1164 1109 1338 1196 gehennam

127 1231 129 1237 ·
162 1272 165 1277 ,
206 1212 350 1277 nocentes
370 1213 403 1278 et
425 1216 634 1295 persecutores
654 1216 775 1280 nostros
795 1213 940 1279 flammae
961 1212 1099 1295 poenalis
1120 1215 1268 1296 perpetuo
1286 1232 1338 1278 ar·
1400 1232 1402 1238 ’

208 1313 283 1380 dore
297 1315 455 1397 damnare,
469 1318 557 1383 nobis
571 1336 645 1384 uero
660 1318 833 1384 mercedem
847 1316 920 1382 fidei
936 1317 967 1381 et
981 1316 1155 1382 deuotionis
1169 1316 1335 1383 exsoluere.

173 1444 200 1485 ιο
208 1437 287 1501 quae
301 1419 364 1484 en't
377 1420 478 1505 gloria
493 1424 525 1487 et
539 1423 657 1503 quauta
671 1421 794 1487 laetitia
808 1420 936 1486 admitti
949 1422 985 1484 ut
996 1420 1098 1484 Deum
1109 1419 1227 1498 uideas,
1243 1420 1339 1486 hono·

208 1522 330 1604 rariut
349 1540 421 1588 oum
444 1521 566 1588 Christo
586 1523 720 1589 Domino
740 1522 805 1587 Deo
828 1523 882 1586 tuo
905 1521 1017 1587 salutis
1037 1539 1074 1585 ac
1094 1522 1174 1586 lueis
1197 1525 1340 1588 aeternae

208 1625 361 1711 gaudium
375 1626 489 1707 capias,
506 1624 667 1690 Abraham
683 1626 714 1690 et
726 1625 813 1690 Isaac
828 1626 859 1689 et
873 1623 965 1689 Iacob
977 1627 1009 1689 et
1024 1623 1218 1706 patriarchas
1232 1643 1339 1692 omnes

209 1730 242 1794 et
255 1727 411 1810 apostolos
426 1728 459 1791 et
472 1727 637 1810 prophetas
652 1728 683 1790 et
697 1729 851 1811 martyras
867 1727 1018 1806 salume,
1040 1747 1112 1793 oum
1127 1727 1220 1794 iustis
1234 1730 1267 1793 et
1280 1729 1341 1795 Dei

208 1831 319 1896 amieis
334 1831 367 1894 in
381 1846 476 1915 reguo
492 1832 647 1897 caelorum
663 1832 753 1898 datae
768 1832 1005 1897 inmortalitatis
1017 1830 1181 1916 uoluptate
1192 1832 1339 1916 gaudere,

173 1955 200 1996 rr
210 1951 331 1998 sumere
351 1933 419 1999 illio
439 1934 521 2016 quod
541 1953 597 2001 neo
616 1937 724 2001 oculus
747 1937 830 2002 uidit
848 1957 904 2003 nee
925 1938 1009 2004 auris
1030 1937 1154 2003 audiuit
1169 1956 1225 2002 nec
1240 1938 1272 2002 in
1288 1955 1341 2002 cor

208 2036 344 2103 hominis
364 2037 514 2103 ascendit.
538 2040 656 2105 maiora
671 2041 754 2105 enim
773 2059 829 2106 nos
849 2042 987 2123 accipere
1006 2058 1101 2124 quam
1123 2041 1205 2122 qnod
1219 2040 1271 2105 hic
1285 2041 1342 2116 aut

207 2156 373 2224 operamur
400 2143 456 2206 aut
481 2143 622 2224 patimur
641 2144 800 2226 apostolus
825 2144 985 2226 praedicat
1006 2143 1127 2209 dicens:
1150 2161 1223 2209 non
1247 2145 1341 2208 sunt

209 2243 425 2329 condignae
455 2246 662 2327 passiones
693 2246 1027 2329 buius-temporis
1054 2247 1101 2312 ad
1131 2264 1341 2330 superuen-

209 2349 335 2412 turam
367 2348 600 2415 claritatem
633 2369 731 2432 quae
762 2349 1011 2416 reuelabitur
1043 2349 1081 2414 in
1109 2349 1230 2415 nobis.
1268 2367 1340 2415 cum

173 2448 361 2514 roreuelatio
382 2450 438 2515 illa
460 2452 597 2530 uenerit,
620 2470 692 2517 cum
712 2453 839 2519 claritas
860 2470 1020 2534 supernos
1035 2452 1094 2517 Dei
1108 2450 1248 2528 fulserit,
1272 2454 1339 2516 tam

210 2550 294 2615 boati
316 2551 433 2618 erimus
454 2554 487 2618 et
507 2553 582 2619 laeti
603 2554 782 2638 dignatione
801 2554 927 2620 Domini
947 2553 1099 2634 honorati,
1120 2572 1215 2636 quam
1229 2554 1275 2619 roi
1290 2572 1339 2618 ro·

210 2653 382 2718 manebunt
396 2657 429 2720 et
442 2654 551 2745 miseri
572 2656 626 2738 qui
641 2656 700 2721 Dei
716 2657 886 2723 desertores
901 2658 958 2722 aut
972 2657 1078 2723 contm
1092 2656 1195 2721 Deum
1210 2655 1341 2722 rebelles

209 2755 405 2822 uoluntatem
429 2757 569 2824 fecerunt
589 2759 721 2837 diaboli,
743 2763 780 2825 nt
800 2776 851 2826 eos
872 2775 995 2825 necesse
1015 2759 1059 2824 sit
1073 2776 1145 2831 eum
1161 2758 1229 2842 ipso
1245 2757 1341 2822 simul

211 2856 448 2943 inextinguibili
462 2861 539 2945 igue
553 2863 701 2944 torqueri.

176 2985 203 3028 a
256 2962 359 3042 Haec,
379 2960 492 3028 tratres
507 2963 720 3042 dilectissimi,
742 2965 888 3031 haereant
903 2963 1047 3030 cordibus
1061 2963 1186 3030 uestris.
1210 2964 1284 3028 haee
1298 2962 1343 3028 sit
1356 2964 1391 3028 ΙΙ
1463 2947 1466 2951 ’

93 3086 96 3090 ·
212 3082 369 3131 armorum
381 3068 557 3132 nostrorum
570 3068 772 3152 praeparatio,
787 3068 864 3133 haec
873 3068 985 3135 diurna
996 3089 1033 3135 ac
1043 3070 1193 3134 nocturna
1207 3066 1342 3131 medita·

319 3288 351 3341 17
370 3287 445 3341 Rom.
463 3287 489 3351 8,
509 3289 549 3343 18.

263 3478 325 3531 Dut
336 3478 369 3547 a]
388 3478 417 3528 et
428 3490 450 3529 e.
463 3476 492 3530 Β
563 3476 693 3548 3acoipit
705 3478 849 3549 BPQRV,
867 3476 998 3546 accepite
1072 3475 1272 3545 conpleotnmur
1289 3475 1315 3529 V

210 3545 347 3634 dffRQ’,
367 3545 482 3633 dnTQt
503 3579 563 3633 exp.
576 3565 619 3624 M.
642 3547 706 3619 ᾱιιῖι
719 3565 753 3629 P,
771 3547 864 3618 adnTn
875 3564 910 3627 B,
928 3576 945 3615 a
962 3561 1071 3617 domino
1087 3578 1105 3615 o
1208 3563 1345 3630 dsumpta

213 3652 278 3715 tune
290 3648 325 3704 ad
340 3648 368 3704 Β
436 3652 578 3704 coronatur
590 3651 618 3705 Β
695 3650 752 3705 bet
764 3650 900 3705 creatu
910 3650 949 3717 (et
964 3647 997 3718 Q)
1066 3646 1137 3716 cum]
1150 3662 1211 3700 oum
1222 3647 1277 3735 qui
1284 3647 1312 3701 Β

213 3735 411 3807 lgehenuadi
421 3735 582 3804 (gehennam
592 3737 627 3808 Q)
696 3737 870 3807 ildumpnare
882 3736 918 3800 R
931 3735 1098 3791 flammareo
1167 3733 1202 3788 10
1212 3731 1312 3803 ‹1an

214 3823 248 3877 11
260 3806 354 3878 dffo‘et
365 3809 399 3887 do
416 3824 441 3877 V
519 3823 604 3879 saluti
616 3826 644 3880 Β
725 3824 758 3879 13
770 3827 799 3878 et
811 3822 955 3892 propbetas
966 3825 995 3877 et
1007 3821 1141 3891 apostolos
1153 3820 1198 3875 Bo
1277 3835 1347 3873 mar·
1455 3879 1457 3884 Α

213 3910 288 3978 tyras
300 3908 372 3965 ΒΒυ
468 3910 502 3966 14
513 3910 656 3965 uoluntate
668 3911 697 3966 P
788 3911 822 3965 lo
832 3909 922 3964 oeulos
934 3908 962 3962 B
1054 3907 1088 3962 16
1099 3906 1145 3961 hio
1156 3906 1215 3976 aut]
1228 3905 1273 3960 bic
1290 3905 1315 3959 V

215 3994 249 4049 18
261 3995 395 4065 passionis
407 3995 462 4067 BQ
557 3997 591 4051 19
602 3995 674 4067 eum]
687 3997 779 4052 dumo
873 3992 1034 4051 aboleant
1048 3993 1084 4064 ρ·
1096 3991 1216 4061 (fulserit
1229 3991 1312 4064 Q’bil

167 4155 170 4162 Ι
214 4083 284 4155 tam]
295 4085 350 4140 ianr
363 4083 443 4155 BPQ
517 4084 551 4139 21
565 4085 644 4139 eritis
656 4085 704 4140 Μ’
714 4084 824 4153 (eminus
836 4081 921 4152 M'Q)
994 4081 1029 4136 22
1040 4079 1128 4149 deum]
1141 4078 1272 4134 christum
1289 4077 1316 4130 V

161 4164 165 4171 ’
215 4171 252 4227 28
262 4171 375 4227 fecerint
386 4171 413 4226 Β
516 4172 551 4226 24
563 4170 781 4241 inextinguibilis
794 4171 830 4225 M
846 4166 1062 4239 (inextinguibili
1075 4165 1109 4238 Q)
1214 4164 1273 4236 igni
1285 4163 1313 4218 Β

214 4257 251 4313 ᾖ
261 4257 362 4313 nostris
378 4257 419 4314 Va
488 4257 523 4312 26
534 4255 662 4312 diuturna
673 4256 753 4329 BPQ
