3570 4936
630 347 789 418 Epistula
805 347 1046 405 uxu-val.
1334 357 1396 422 727

269 507 318 573 ost
347 505 497 571 rebellem
525 505 674 571 aduersus
697 501 855 569 Christum
878 505 910 568 et
931 504 1080 571 aduersus
1108 510 1306 595 euangelium
1333 511 1400 577 eius

271 609 420 686 existere,
454 608 492 673 ut
524 627 594 674 oum
626 608 681 673 ille
713 607 812 671 dieat:
845 622 968 671 nonne
1000 608 1075 674 duo
1107 631 1285 694 passeres
1316 633 1401 681 asse

269 711 448 779 neneunt
470 713 509 777 et
534 716 671 779 neuter
696 729 826 777 eorum
853 708 962 774 eadit
988 710 1028 774 in
1049 714 1201 780 terram
1232 718 1314 785 sins
1334 738 1400 802 pa·

272 817 347 882 tris
369 815 597 901 uoluntate,
621 821 654 884 st
673 817 783 901 probet
804 814 952 879 maiestas
975 813 1042 878 eius
1057 816 1089 879 et
1102 820 1219 886 ueritas
1240 823 1306 887 sine
1328 840 1400 888 eon·

252 919 407 990 escientia
428 921 461 984 et
482 921 636 1004 permissu
660 920 719 986 Dei
742 921 839 986 etiam
862 917 983 983 minora
1004 934 1065 981 non
1086 916 1162 998 fieri,
1186 924 1221 986 tu
1243 925 1400 993 existimes

271 1021 447 1088 sacerdotes
469 1022 528 1088 Dei
554 1024 620 1089 sins
646 1021 833 1090 conscientia
858 1021 925 1086 eius
951 1019 985 1084 in
1012 1020 1142 1085 eeclesia
1162 1025 1307 1092 ordinari.
1328 1048 1401 1094 nam

272 1125 396 1191 eredere
422 1127 503 1208 quod
526 1127 647 1213 indigni
667 1130 699 1193 et
719 1125 830 1192 incesti
851 1124 917 1189 sint
940 1123 994 1205 qui
1015 1121 1197 1189 ordinantur
1218 1127 1292 1209 qnid
1314 1130 1400 1194 aliud

271 1230 321 1294 est
344 1247 440 1310 quam
460 1231 642 1297 oontendere
661 1231 744 1314 quod
765 1249 827 1296 non
849 1249 868 1294 a
891 1228 956 1293 Deo
971 1245 1028 1292 noo
1043 1244 1098 1308 per
1112 1225 1214 1292 Deum
1228 1231 1400 1297 werdotes

272 1333 340 1398 eius
354 1332 388 1398 in
402 1334 532 1399 ecelesia
546 1334 782 1399 constituantur.

236 1463 263 1504 ro
315 1435 367 1500 An
389 1438 482 1518 putas
503 1439 607 1502 maius
629 1455 695 1502 esse
717 1437 755 1500 de
777 1454 827 1500 me
850 1453 956 1501 meum
978 1452 1073 1516 quam
1096 1431 1154 1496 Dei
1177 1433 1430 1519 testimoniumz

272 1558 346 1604 oum
361 1539 515 1605 Dominus
528 1541 596 1623 ipse
606 1538 719 1604 doceat
734 1539 765 1603 et
781 1539 867 1603 dieat
887 1535 1106 1602 testimoninm
1125 1552 1187 1600 non
1207 1554 1273 1602 esso
1293 1555 1402 1602 uerum

274 1642 303 1708 si
318 1644 388 1726 quis
403 1643 470 1726 ipse
486 1642 676 1708 desolastis
692 1641 816 1718 existat,
832 1659 867 1705 eo
883 1639 965 1723 quod
980 1640 1192 1722 unusquisque
1211 1641 1319 1722 utique
1340 1640 1402 1706 sibi

274 1729 381 1810 faueat
394 1763 452 1810 neo
466 1748 575 1810 oontra
596 1763 629 1809 se
650 1744 765 1827 aliquis
786 1742 904 1808 infesta
926 1745 959 1808 et
980 1743 1112 1808 aduersa
1132 1742 1303 1825 depromat,
1325 1742 1403 1810 fides

271 1863 345 1912 uero
367 1848 487 1912 sincera
500 1846 544 1911 sit
559 1847 712 1925 mentalis,
737 1848 764 1913 si
779 1847 812 1910 in
827 1846 1110 1929 praedicationibus
1124 1847 1239 1913 nostris
1259 1846 1340 1911 alins
1360 1847 1404 1912 sit

234 1948 468 2032 repraedioator
493 1968 529 2015 ao
549 1950 649 2015 tastis.
678 1951 709 2015 si
739 1949 1028 2029 testimonium,
1060 1950 1173 2033 inquit,
1196 1950 1327 2016 dinero
1360 1952 1404 2018 de

272 2070 345 2130 me,
380 2052 659 2130 testimonium
691 2072 815 2118 meum
849 2071 921 2118 non
951 2056 1011 2119 est
1039 2072 1179 2119 uerum.
1214 2053 1321 2120 alius
1343 2057 1406 2120 est

272 2154 376 2220 onim
405 2156 469 2238 qui
498 2157 616 2222 testis
638 2159 696 2222 est
718 2156 761 2222 de
783 2176 848 2222 me.
884 2157 967 2240 quod
989 2157 1015 2222 si
1038 2157 1105 2240 ipss
1127 2157 1279 2222 Dominus
1301 2157 1405 2222 omnia

268 2258 471 2340 postmodum
509 2258 701 2325 iudicaturus
737 2261 783 2326 sie
817 2261 920 2325 noluit
953 2261 991 2324 de
1024 2259 1204 2326 testimonio
1246 2278 1302 2326 sno
1344 2259 1404 2325 sibi

270 2358 364 2437 orodi,
391 2360 445 2426 sed
471 2362 587 2427 maluit
609 2363 647 2428 do
668 2363 783 2429 iudicio
806 2381 842 2428 ao
863 2363 1042 2428 testimonio
1068 2361 1127 2428 Dei
1149 2363 1248 2446 patris
1269 2362 1404 2444 probari,

238 2462 392 2544 uquanto
412 2464 515 2547 magis
529 2463 588 2530 hoo
603 2482 707 2530 seruos
728 2466 794 2530 eius
817 2465 981 2530 obseruare
1003 2466 1132 2547 oportet,
1155 2465 1209 2546 qui
1232 2464 1347 2529 iudicio
1369 2483 1405 2529 ae

272 2565 453 2630 testimonio
480 2567 540 2631 Dei
565 2585 625 2630 non
650 2563 819 2651 probantur
844 2569 990 2649 tantum,
1017 2566 1071 2631 sed
1097 2567 1193 2632 etiam
1220 2567 1404 2650 gloriantur.

271 2667 450 2748 praeualuit
461 2670 567 2732 autem
578 2671 661 2750 apud
675 2671 707 2734 te
721 2669 828 2735 conus
841 2669 982 2734 diuinam
999 2668 1197 2745 sententiam,
1212 2669 1318 2732 contra
1332 2687 1405 2735 eon·

375 2920 393 2975 2
411 2919 512 2976 naeth.
530 2923 573 2987 lo,
591 2922 634 2977 29.
707 2923 796 2978 1510.
814 2924 840 2985 5,
857 2924 900 2976 31.
918 2921 962 2976 32.

321 3159 339 3214 2
351 3161 392 3230 ut]
406 3164 435 3215 et
450 3163 476 3217 T
613 3165 631 3218 3
643 3164 757 3218 ueniunt
770 3163 927 3218 BL'NPT
1064 3165 1159 3216 neuter
1171 3177 1260 3216 eorum
1272 3177 1323 3216 nou
1336 3160 1405 3228 ΗΝ,

271 3263 326 3300 non
337 3246 393 3301 BL
521 3251 622 3304 terras
742 3253 819 3320 patre
831 3250 863 3304 N
988 3250 1006 3302 4
1018 3247 1115 3317 probat
1130 3249 1160 3313 Τ,
1173 3247 1329 3318 comprobet
1340 3248 1374 3302 Η

273 3332 332 3386 eins
344 3348 395 3386 oon.
411 3333 437 3387 T
558 3336 717 3405 5permisso
728 3336 755 3390 Β
880 3336 963 3389 etiam
978 3333 1078 3388 ...olei
1089 3350 1139 3388 oua
1153 3335 1182 3389 Β
1302 3334 1406 3388 minora

270 3434 326 3472 nou
338 3417 372 3472 11
379 3417 428 3471 sed
439 3434 520 3488 eoru,
533 3421 646 3474 minima
657 3437 680 3486 o,
693 3408 770 3476 mora
779 3421 836 3475 PT
924 3420 1064 3474 existimas
1079 3420 1144 3474 Tas
1156 3435 1217 3473 exe
1308 3419 1326 3473 6
1337 3417 1405 3487 eins]

273 3507 302 3558 et
314 3503 476 3571 permissum
487 3505 553 3559 add.
565 3505 594 3559 Β
697 3508 725 3561 in
738 3506 850 3561 eeclesia
862 3521 912 3560 om.
926 3504 954 3558 Β
1058 3503 1074 3556 1
1087 3505 1212 3559 insertio
1314 3502 1332 3556 8
1344 3518 1405 3557 oon·

268 3589 380 3645 tendere
392 3589 457 3659 ΒΝ,
480 3591 620 3648 oonoedere
635 3592 667 3658 V,
688 3593 799 3648 condere
820 3592 892 3655 T¹B,
912 3590 1017 3646 eredere
1035 3590 1167 3645 11va
1314 3588 1347 3642 10
1364 3605 1406 3643 me

269 3693 321 3732 oon.
335 3679 363 3732 P
465 3695 555 3734 meum
568 3694 617 3733 om.
632 3679 659 3733 Β
761 3678 795 3734 12
808 3680 898 3732 exstat
912 3678 939 3732 P
1041 3692 1072 3731 eo
1084 3677 1155 3745 qnod
1166 3693 1216 3731 ooo.
1229 3677 1255 3730 Β
1353 3674 1406 3728 sibi

270 3780 322 3819 orm
335 3765 384 3828 1²¹,
398 3790 439 3819 m
451 3765 506 3819 sibi
522 3766 548 3820 T
648 3765 682 3820 13
694 3764 806 3820 labeant
819 3764 854 3828 N,
868 3763 974 3833 placeat
989 3762 1015 3816 V
1117 3760 1222 3830 aliquid
1232 3762 1259 3816 P
1362 3758 1407 3812 de·

270 3850 374 3919 primat
388 3851 415 3906 T
521 3851 546 3905 si
559 3850 624 3905 fides
636 3851 664 3906 Β
774 3850 808 3904 14
819 3865 884 3904 nera
896 3849 929 3903 N
1034 3848 1058 3901 si
1070 3846 1173 3901 ueritas
1187 3847 1214 3901 Β
1317 3845 1341 3898 si
1353 3860 1403 3899 ont

270 3935 388 3992 HLPT
536 3938 570 3992 15
581 3937 671 4007 inquit
742 3936 926 3992 testimoninm
939 3952 989 3989 om.
1006 3936 1032 3990 Τ
1176 3933 1211 3987 16
1223 3931 1321 4001 meum]
1334 3931 1405 3985 enim

271 4039 361 4078 meum
375 4023 403 4077 Β
506 4023 539 4078 17
553 4023 668 4094 quodsi]
681 4024 751 4094 quod
763 4024 797 4079 N
891 4022 938 4091 qni
950 4022 1041 4076 omnia
1053 4020 1096 4076 Po
1200 4019 1234 4074 18
1245 4018 1285 4072 sic
1296 4018 1406 4086 scripsi,

273 4109 312 4163 sit
322 4108 457 4174 BLNPo,
469 4125 520 4164 om.
534 4108 607 4163 fluv
701 4126 749 4164 suo
760 4107 919 4164 testimonio
931 4107 964 4162 Η
1060 4106 1094 4161 19
1105 4105 1155 4160 deo
1169 4106 1204 4162 Τ*
1298 4103 1407 4173 probari

273 4211 324 4249 om.
338 4195 370 4248 N
489 4195 526 4249 20
537 4194 622 4249 sernia
635 4195 662 4249 Β
787 4195 821 4249 21
833 4194 888 4264 dei]
901 4193 988 4249 nostri
1000 4193 1066 4248 adut
1080 4193 1108 4248 Β
1228 4195 1336 4245 mutum
1347 4205 1408 4259 pro·

270 4280 372 4334 bantur
384 4281 413 4335 Β
516 4280 551 4335 22
562 4285 652 4336 eutem
665 4297 713 4335 om.
727 4282 756 4336 Β
859 4285 887 4335 et
899 4283 994 4336 eontra
1005 4279 1067 4337 Poo
